%% This BibTeX bibliography file was created using BibDesk.
%% http://bibdesk.sourceforge.net/


%% Created for Nicolai Kraus at 2012-05-30 18:42:48 +0100 


%% Saved with string encoding Unicode (UTF-8) 



@misc{hott:blog,
	Author = {Steve Awodey et.al.},
	Date-Added = {2012-03-03 14:50:50 +0000},
	Date-Modified = {2012-03-03 14:50:50 +0000},
	Title = {HOTT (Blog about homotopy type theory)},
	Url = {http://homotopytypetheory.org/},
	Bdsk-Url-1 = {http://homotopytypetheory.org/}}

@misc{semantik,
	Author = {Andreas Abel and Ulrich Sch\"opp},
	Owner = {nicolai},
	Timestamp = {2012.05.30},
	Title = {{Semantik von Programmiersprachen}}}

@other{altenkirch_history,
	Author = {Thorsten Altenkirch},
	Date-Added = {2012-03-03 14:50:50 +0000},
	Date-Modified = {2012-03-03 14:50:50 +0000},
	Note = {\href{run:sources/altenkirch_history.pdf}{local}},
	Owner = {nicolai},
	Timestamp = {2012.05.30},
	Title = {A short history of equality (talk)},
	Type = {talk}}

@inproceedings{altenkirch_extSetoids,
	Author = {Thorsten Altenkirch},
	Booktitle = {In LICS 99},
	Date-Added = {2012-03-03 14:50:50 +0000},
	Date-Modified = {2012-03-03 14:50:50 +0000},
	Note = {\href{run:sources/altenkirch_extSetoids.pdf}{local}},
	Pages = {412--420},
	Publisher = {IEEE Computer Society Press},
	Title = {Extensional Equality in Intensional Type Theory},
	Url = {www.cs.nott.ac.uk/~txa/publ/lics99.pdf},
	Year = {1999},
	Bdsk-File-1 = {YnBsaXN0MDDUAQIDBAUIJidUJHRvcFgkb2JqZWN0c1gkdmVyc2lvblkkYXJjaGl2ZXLRBgdUcm9vdIABqAkKFRYXGyIjVSRudWxs0wsMDQ4RFFpOUy5vYmplY3RzV05TLmtleXNWJGNsYXNzog8QgASABqISE4ACgAOAB1lhbGlhc0RhdGFccmVsYXRpdmVQYXRo0hgNGRpXTlMuZGF0YU8RAbwAAAAAAbwAAgAADE1hY2ludG9zaCBIRAAAAAAAAAAAAAAAAAAAAMmnh09IKwAAAGdm2RlhbHRlbmtpcmNoX2V4dFNldG9pZHMucGRmAAAAAAAAAAAAAAAAAAAAAAAAAAAAAAAAAAAAAAAAAAAAAAAAAAAAZ2beyvUwYwAAAAAAAAAAAAEAAwAACSAAAAAAAAAAAAAAAAAAAAAHc291cmNlcwAAEAAIAADJp4dPAAAAEQAIAADK9TBjAAAAAQAQAGdm2QBnY1UACGZoAACYOQACAEZNYWNpbnRvc2ggSEQ6VXNlcnM6bmljb2xhaWtyYXVzOnN5bmM6c291cmNlczphbHRlbmtpcmNoX2V4dFNldG9pZHMucGRmAA4ANAAZAGEAbAB0AGUAbgBrAGkAcgBjAGgAXwBlAHgAdABTAGUAdABvAGkAZABzAC4AcABkAGYADwAaAAwATQBhAGMAaQBuAHQAbwBzAGgAIABIAEQAEgA5VXNlcnMvbmljb2xhaWtyYXVzL3N5bmMvc291cmNlcy9hbHRlbmtpcmNoX2V4dFNldG9pZHMucGRmAAATAAEvAAAVAAIAE///AACABdIcHR4fWCRjbGFzc2VzWiRjbGFzc25hbWWjHyAhXU5TTXV0YWJsZURhdGFWTlNEYXRhWE5TT2JqZWN0XxAhc291cmNlcy9hbHRlbmtpcmNoX2V4dFNldG9pZHMucGRm0hwdJCWiJSFcTlNEaWN0aW9uYXJ5EgABhqBfEA9OU0tleWVkQXJjaGl2ZXIACAARABYAHwAoADIANQA6ADwARQBLAFIAXQBlAGwAbwBxAHMAdgB4AHoAfACGAJMAmACgAmACYgJnAnACewJ/Ao0ClAKdAsECxgLJAtYC2wAAAAAAAAIBAAAAAAAAACgAAAAAAAAAAAAAAAAAAALt},
	Bdsk-Url-1 = {www.cs.nott.ac.uk/~txa/publ/lics99.pdf}}

@other{altenkirchCoquand_towardsHDTT,
	Author = {Thorsten Altenkirch and Thierry Coquand},
	Date-Added = {2012-03-03 14:50:50 +0000},
	Date-Modified = {2012-03-03 14:50:50 +0000},
	Note = {\href{run:sources/altenkirchCoquand_towardsHDTT.pdf}{local}},
	Title = {Towards higher dimensional Type Theory (talk)},
	Type = {talk}}

@inproceedings{arndtKapulkin_HTmodelsOfTT,
	Acmid = {2021962},
	Address = {Berlin, Heidelberg},
	Author = {Arndt, Peter and Kapulkin, Krzysztof},
	Booktitle = {Proceedings of the 10th international conference on Typed lambda calculi and applications},
	Date-Added = {2012-03-03 14:50:50 +0000},
	Date-Modified = {2012-03-03 14:50:50 +0000},
	Isbn = {978-3-642-21690-9},
	Location = {Novi Sad, Serbia},
	Note = {\href{run:sources/arndtKapulkin_HTmodelsOfTT.pdf}{local}},
	Numpages = {16},
	Owner = {nicolai},
	Pages = {45--60},
	Publisher = {Springer-Verlag},
	Series = {TLCA'11},
	Timestamp = {2012.05.30},
	Title = {Homotopy-theoretic models of type theory},
	Year = {2011}}

@techreport{awodey_tth,
	Author = {Awodey, Steve},
	Date-Added = {2012-03-03 14:50:50 +0000},
	Date-Modified = {2012-03-03 14:50:50 +0000},
	Note = {\href{run:sources/awodey_tth.pdf}{local}},
	Number = {arXiv:1010.1810v1},
	Title = {Type Theory and Homotopy},
	Url = {www.andrew.cmu.edu/user/awodey/preprints/TTH.pdf},
	Bdsk-Url-1 = {www.andrew.cmu.edu/user/awodey/preprints/TTH.pdf}}

@book{awodey_CT,
	Author = {Awodey, Steve},
	Date-Added = {2012-03-03 14:50:50 +0000},
	Date-Modified = {2012-03-03 14:50:50 +0000},
	Howpublished = {Hardcover},
	Isbn = {0198568614},
	Keywords = {category-theory, monad, representability},
	Note = {\href{run:sources/awodey_CT.pdf}{local}},
	Title = {{Category Theory}},
	Url = {http://www.amazon.com/exec/obidos/redirect?tag=citeulike07-20\&path=ASIN/0198568614},
	Year = {2006},
	Bdsk-Url-1 = {http://www.amazon.com/exec/obidos/redirect?tag=citeulike07-20%5C&path=ASIN/0198568614}}

@article{awodeyGamSoja_indTypesInHTT,
	Author = {Steve Awodey and Nicola Gambino and Kristina Sojakova},
	Date-Added = {2012-03-03 14:50:50 +0000},
	Date-Modified = {2012-03-03 14:50:50 +0000},
	Note = {\href{run:sources/awodeyGamSoja_indTypesInHTT.pdf}{local}},
	Title = {{Inductive types in homotopy type theory}},
	Url = {http://arxiv.org/abs/1201.3898},
	Bdsk-Url-1 = {http://arxiv.org/abs/1201.3898}}

@misc{awodeyHofstraWarren_martinLoefComplexes,
	Author = {S. Awodey and P. Hofstra and M. A. Warren},
	Date-Added = {2012-03-03 14:50:50 +0000},
	Date-Modified = {2012-03-03 14:50:50 +0000},
	Note = {\href{run:sources/awodeyHofstraWarren_martinLoefComplexes.pdf}{local}},
	Title = {Martin-L\"of Complexes},
	Url = {http://arxiv.org/abs/0906.4521},
	Year = {2009},
	Bdsk-Url-1 = {http://arxiv.org/abs/0906.4521}}

@techreport{awodeyWarren_HTmodelsOfIT,
	Author = {Awodey, Steve and Warren, Michael A},
	Date-Added = {2012-03-03 14:50:50 +0000},
	Date-Modified = {2012-03-03 14:50:50 +0000},
	Month = {Sep},
	Note = {\href{run:sources/awodeyWarren_HTmodelsOfIT.pdf}{local}},
	Number = {arXiv:0709.0248},
	Owner = {nicolai},
	Timestamp = {2012.05.30},
	Title = {Homotopy theoretic models of identity types},
	Totalpages = {11},
	Url = {http://arxiv.org/abs/arxiv:0709.0248},
	Year = {2007},
	Bdsk-Url-1 = {http://arxiv.org/abs/arxiv:0709.0248}}

@techreport{bergGarner_topAndSimplicial,
	Author = {Berg, Benno van den and Garner, Richard},
	Date-Added = {2012-03-03 14:50:50 +0000},
	Date-Modified = {2012-03-03 14:50:50 +0000},
	File = {sources/bergGarner_topAndSimplicial.pdf::PDF},
	Month = {Jul},
	Note = {\href{run:sources/bergGarner_topAndSimplicial.pdf}{local}},
	Number = {arXiv:1007.4638},
	Pagetotal = {47},
	Title = {Topological and simplicial models of identity types},
	Url = {http://arxiv.org/abs/1007.4638},
	Year = {2010},
	Bdsk-Url-1 = {http://arxiv.org/abs/1007.4638}}

@techreport{bergGarner_typesAreWeakOG,
	Author = {Berg, Benno van den and Garner, Richard},
	Date-Added = {2012-03-03 14:50:50 +0000},
	Date-Modified = {2012-03-03 14:50:50 +0000},
	Month = {Dec},
	Note = {\href{run:sources/bergGarner_typesAreWeakOG.pdf}{local}},
	Owner = {nicolai},
	Timestamp = {2012.05.30},
	Title = {Types are weak omega-groupoids},
	Totalpages = {28},
	Url = {http://arxiv.org/abs/arXiv:0812.0298},
	Year = {2008},
	Bdsk-Url-1 = {http://arxiv.org/abs/arXiv:0812.0298}}

@article{bousfield_wfs,
	Author = {Aldridge Bousfield},
	Date-Added = {2012-03-03 14:50:50 +0000},
	Date-Modified = {2012-03-03 14:50:50 +0000},
	Journal = {Journal of Pure and Applied Algebra 9 (1977)},
	No = {2-3},
	Pages = {207-220},
	Title = {Constructions of factorization systems in categories}}

@article{chengLauda_HDCats,
	Author = {Cheng, Eugenia and Lauda, Aaron},
	Citeulike-Article-Id = {690083},
	Citeulike-Linkout-0 = {http://www.math.uchicago.edu/~eugenia/guidebook/guidebook-new.pdf},
	Comment = {Pg. 23 (33 in pdf) gives a nice clear example of what the algebras over a monad are/do. I *think* this explanation would clarify the Moggi/Hughes work on getting the \lambda-calculus into a suitable monad, then evaluating in the context of the monad. The point is that it is precisely the algebra action \theta in HDC that "executes" the appropriate side effect for a given computation.},
	Date-Added = {2012-03-03 14:50:50 +0000},
	Date-Modified = {2012-03-03 14:50:50 +0000},
	Day = {19},
	Keywords = {category-theory},
	Month = aug,
	Note = {\href{run:sources/chengLauda_HDCats.pdf}{local}},
	Organization = {IMA},
	Posted-At = {2006-06-08 20:51:52},
	Priority = {2},
	Publisher = {University of Cambridge},
	Title = {{Higher Dimensional Categories: an illustrated guide book}},
	Url = {http://cheng.staff.shef.ac.uk/guidebook/index.html},
	Year = {2004},
	Bdsk-Url-1 = {http://cheng.staff.shef.ac.uk/guidebook/index.html}}

@misc{coqHuber_conKan,
	Author = {Thierry Coquand and Simon Huber},
	Note = {\href{run:sources/coqHuber_conKan.pdf}{local}},
	Title = {Constructive Kan Fibrations}}

@misc{coqHuber_conKanTalk,
	Author = {Thierry Coquand and Simon Huber},
	Note = {\href{run:sources/coqHuber_conKanTalk.pdf}{local}},
	Title = {Constructive Kan Fibrations (talk)}}

@article{curien_substUpToIso,
	Acmid = {175471},
	Address = {Amsterdam, The Netherlands, The Netherlands},
	Author = {Curien, P.-L.},
	Issn = {0169-2968},
	Issue_Date = {Sept./Oct. 1993},
	Journal = {Fundam. Inf.},
	Month = sep,
	Note = {\href{run:sources/curien_substUpToIso.pdf}{local}},
	Number = {1-2},
	Numpages = {35},
	Pages = {51--85},
	Publisher = {IOS Press},
	Title = {Substitution up to isomorphism},
	Url = {http://dl.acm.org/citation.cfm?id=175469.175471},
	Volume = {19},
	Year = {1993},
	Bdsk-Url-1 = {http://dl.acm.org/citation.cfm?id=175469.175471}}

@other{chalmers_equality,
	Author = {Nils Anders Danielsson},
	Date-Added = {2012-03-03 14:50:50 +0000},
	Date-Modified = {2012-04-09 12:49:50 +0100},
	Owner = {nicolai},
	Timestamp = {2012.05.30},
	Title = {Chalmers: Equality},
	Url = {http://www.cse.chalmers.se/~nad/listings/equality/README.html},
	Bdsk-Url-1 = {http://www.cse.chalmers.se/~nad/listings/equality/README.html}}

@article{dwyerSpalinski_HTandMC,
	Author = {Dwyer and Spalinski},
	Date-Added = {2012-03-03 14:50:50 +0000},
	Date-Modified = {2012-03-03 14:50:50 +0000},
	Note = {\href{run:sources/dwyerSpalinski_HTandMC.pdf}{local}},
	Title = {{Homotopy Theories and Model Categories}},
	Url = {folk.uio.no/paularne/SUPh05},
	Bdsk-Url-1 = {folk.uio.no/paularne/SUPh05}}

@article{friedman_simplicialSets,
	Author = {Greg Friedman},
	Date-Added = {2012-03-03 14:50:50 +0000},
	Date-Modified = {2012-03-03 14:50:50 +0000},
	Note = {\href{run:sources/friedman_simplicialSets.pdf}{local}},
	Title = {An elementary illustrated introduction to simplicial sets},
	Url = {http://arxiv.org/abs/0809.4221},
	Year = {2008},
	Bdsk-Url-1 = {http://arxiv.org/abs/0809.4221}}

@article{gambinoGarner_ITwfs,
	Acmid = {1458922},
	Address = {Essex, UK},
	Author = {Gambino, Nicola and Garner, Richard},
	Date-Added = {2012-03-03 14:50:50 +0000},
	Date-Modified = {2012-03-03 14:50:50 +0000},
	Doi = {10.1016/j.tcs.2008.08.030},
	Issn = {0304-3975},
	Issue = {1},
	Journal = {Theor. Comput. Sci.},
	Keywords = {Dependent type theory, Identity type, Weak factorisation system},
	Month = {December},
	Note = {\href{run:sources/gambinoGarner_ITwfs.pdf}{local}},
	Numpages = {16},
	Owner = {nicolai},
	Pages = {94--109},
	Publisher = {Elsevier Science Publishers Ltd.},
	Timestamp = {2012.05.30},
	Title = {The identity type weak factorisation system},
	Url = {http://www.comp.mq.edu.au/~rgarner/Idtype/Idtype.html},
	Volume = {409},
	Year = {2008},
	Bdsk-Url-1 = {http://www.comp.mq.edu.au/~rgarner/Idtype/Idtype.html},
	Bdsk-Url-2 = {http://dx.doi.org/10.1016/j.tcs.2008.08.030}}

@misc{oberwolfachReport,
	Author = {Richard Garner},
	Date-Added = {2012-03-03 14:50:50 +0000},
	Date-Modified = {2012-03-03 14:50:50 +0000},
	Doi = {10.4171/OWR/2011/11},
	Note = {\href{run:sources/oberwolfachReport.pdf}{local}},
	Owner = {nicolai},
	Timestamp = {2012.05.30},
	Title = {Mini-Workshop:The Homotopy Interpretation of Constructive Type Theory},
	Url = {http://www.mfo.de/occasion/1109a/www_view},
	Bdsk-Url-1 = {http://www.mfo.de/occasion/1109a/www_view},
	Bdsk-Url-2 = {http://dx.doi.org/10.4171/OWR/2011/11}}

@book{hatcher_AT,
	Abstract = {{In most major universities one of the three or four basic first-year
	graduate mathematics courses is algebraic topology. This introductory
	text is suitable for use in a course on the subject or for self-study,
	featuring broad coverage and a readable exposition, with many examples
	and exercises. The four main chapters present the basics: fundamental
	group and covering spaces, homology and cohomology, higher homotopy
	groups, and homotopy theory generally. The author emphasizes the
	geometric aspects of the subject, which helps students gain intuition.
	A unique feature is the inclusion of many optional topics not usually
	part of a first course due to time constraints: Bockstein and transfer
	homomorphisms, direct and inverse limits, H-spaces and Hopf algebras,
	the Brown representability theorem, the James reduced product, the
	Dold-Thom theorem, and Steenrod squares and powers.}},
	Author = {Hatcher, Allen},
	Date-Added = {2012-03-03 14:50:50 +0000},
	Date-Modified = {2012-03-03 14:50:50 +0000},
	Day = {03},
	Edition = {1},
	Howpublished = {Paperback},
	Isbn = {0521795400},
	Keywords = {topology},
	Month = dec,
	Note = {\href{run:sources/hatcher_AT.pdf}{local}},
	Posted-At = {2008-06-25 09:53:39},
	Priority = {2},
	Publisher = {Cambridge University Press},
	Title = {{Algebraic Topology}},
	Url = {http://www.math.cornell.edu/~hatcher/},
	Year = {2001},
	Bdsk-Url-1 = {http://www.math.cornell.edu/~hatcher/}}

@article{hedberg_coherence,
	Author = {Michael Hedberg},
	Date-Added = {2012-03-03 14:50:50 +0000},
	Date-Modified = {2012-03-03 14:50:50 +0000},
	Journal = {J. Functional Programming},
	Note = {\href{run:sources/hedberg_coherence.pdf}{local}},
	Pages = {4--8},
	Title = {A coherence theorem for Martin-L{\"o}f's type theory},
	Url = {http://www.andrew.cmu.edu/user/awodey/hott/papers/hedberg.pdf},
	Year = {1998},
	Bdsk-Url-1 = {http://www.andrew.cmu.edu/user/awodey/hott/papers/hedberg.pdf}}

@book{HindleySeldin_lambdaAndCombinators,
	Author = {Hindley, J. R. and Seldin, J. P.},
	Date-Added = {2012-03-03 14:50:50 +0000},
	Date-Modified = {2012-03-03 14:50:50 +0000},
	Note = {\href{run:sources/HindleySeldin_lambdaAndCombinators.pdf}{local}},
	Publisher = {Cambridge University Press},
	Title = {{Introduction to Combinators and \$\\lambda\$-Calculus}},
	Year = {1987}}

@inproceedings{hofmann_syntaxSemantics,
	Author = {Martin Hofmann},
	Booktitle = {Semantics and Logics of Computation},
	Date-Added = {2012-03-03 14:50:50 +0000},
	Date-Modified = {2012-03-03 14:50:50 +0000},
	Note = {\href{run:sources/hofmann_syntaxSemantics.pdf}{local}},
	Pages = {79--130},
	Publisher = {Cambridge University Press},
	Title = {Syntax and Semantics of Dependent Types},
	Url = {http://citeseerx.ist.psu.edu/viewdoc/download?doi=10.1.1.36.8985&rep=rep1&type=pdf},
	Year = {1997},
	Bdsk-Url-1 = {http://citeseerx.ist.psu.edu/viewdoc/download?doi=10.1.1.36.8985&rep=rep1&type=pdf}}

@inproceedings{hofmann_TTinLCCC,
	Author = {Martin Hofmann},
	Booktitle = {Proceedings of Computer Science Logic, Lecture Notes in Computer Science},
	Date-Added = {2012-03-03 14:50:50 +0000},
	Date-Modified = {2012-03-03 14:50:50 +0000},
	Note = {\href{run:sources/hofmann_TTinLCCC.pdf}{local}},
	Pages = {427--441},
	Publisher = {Springer},
	Title = {On the Interpretation of Type Theory in Locally Cartesian Closed Categories},
	Url = {www.dcs.ed.ac.uk/home/mxh/csl94.ps.gz},
	Year = {1994},
	Bdsk-Url-1 = {www.dcs.ed.ac.uk/home/mxh/csl94.ps.gz}}

@misc{hofmStr_liftingGrothenU,
	Author = {Martin Hofmann and Thomas Streicher},
	Note = {\href{run:sources/hofmStr_liftingGrothenU.pdf}{local}},
	Title = {Lifting Grothendieck Universes}}

@inproceedings{hofmannStreicher_groupoids,
	Author = {Martin Hofmann and Thomas Streicher},
	Booktitle = {In Venice Festschrift},
	Date-Added = {2012-03-03 14:50:50 +0000},
	Date-Modified = {2012-03-03 14:50:50 +0000},
	Note = {\href{run:sources/hofmannStreicher_groupoids.pdf}{local}},
	Owner = {nicolai},
	Pages = {83--111},
	Publisher = {Oxford University Press},
	Timestamp = {2012.05.30},
	Title = {The Groupoid Interpretation of Type Theory},
	Url = {www.mathematik.tu-darmstadt.de/~streicher/venedig.ps.gz},
	Year = {1996},
	Bdsk-Url-1 = {www.mathematik.tu-darmstadt.de/~streicher/venedig.ps.gz}}

@misc{joyalTierney_simplHT,
	Author = {A. Joyal and M. Tierney},
	Date-Added = {2012-03-03 14:50:50 +0000},
	Date-Modified = {2012-03-03 14:50:50 +0000},
	Note = {\href{run:sources/joyalTierney_simplHT.pdf}{local}},
	Owner = {nicolai},
	Timestamp = {2012.05.30},
	Title = {Notes on simplicial homotopy theory},
	Url = {www.crm.cat/HigherCategories/tierney.pdf},
	Bdsk-Url-1 = {www.crm.cat/HigherCategories/tierney.pdf}}

@misc{koeppe_homotopy,
	Author = {Thomas K\"oppe},
	Date-Added = {2012-03-03 14:50:50 +0000},
	Date-Modified = {2012-03-03 14:50:50 +0000},
	Note = {\href{run:sources/koeppe_homotopy.pdf}{local}},
	Title = {Basic homotopy theory},
	Url = {www.maths.ed.ac.uk/~s0571100/Homotopy.pdf},
	Bdsk-Url-1 = {www.maths.ed.ac.uk/~s0571100/Homotopy.pdf}}

@other{kapulkin_talkPiAndSigma,
	Author = {Chris Kapulkin},
	Date-Added = {2012-03-03 14:50:50 +0000},
	Date-Modified = {2012-03-03 14:50:50 +0000},
	Note = {\href{run:sources/kapulkin_talkPiAndSigma.pdf}{local}},
	Title = {$\Pi$- and $\Sigma$-types in homotopy theoretic models of type theory (talk)},
	Type = {talk}}

@article{kapLumsVoe_uniInSSet,
	Author = {Chris Kapulkin and Peter LeFanu Lumsdaine and Vladimir Voevodsky},
	Note = {\href{run:sources/kapLumsVoe_uniInSSet.pdf}{local}},
	Title = {Univalence in Simplicial Sets},
	Url = {http://arxiv.org/abs/1203.2553v2},
	Bdsk-Url-1 = {http://arxiv.org/abs/1203.2553v2}}

@other{kapulkin_master,
	Author = {Kapulkin, Krzysztof},
	Date-Added = {2012-03-03 14:50:50 +0000},
	Date-Modified = {2012-03-03 14:50:50 +0000},
	Note = {\href{run:sources/kapulkin_master.pdf}{local}},
	Owner = {nicolai},
	Timestamp = {2012.05.30},
	Title = {Homotopy-theoretic models of type theory (master thesis)}}

@article{kock_polyOpetopes,
	Author = {Joachim Kock and Andre Joyal and Michael Batanin and Jean-Francois Mascari},
	Date-Added = {2012-03-03 14:50:50 +0000},
	Date-Modified = {2012-03-03 14:50:50 +0000},
	Journal = {ADV.MATH.},
	Note = {\href{run:sources/kock_polyOpetopes.pdf}{local}},
	Pages = {2690},
	Title = {Polynomial functors and opetopes},
	Url = {http://mat.uab.es/~kock/cat/zoom.html},
	Volume = {224},
	Year = {2010},
	Bdsk-Url-1 = {http://mat.uab.es/~kock/cat/zoom.html}}

@other{kraus_away2012,
	Author = {Nicolai Kraus},
	Note = {\href{run:sources/kraus_away2012.pdf}{local}},
	Owner = {nicolai},
	Timestamp = {2012.05.30},
	Title = {On Hedberg's theorem: Proving and Painting},
	Type = {talk},
	Url = {red.cs.nott.ac.uk/~ngk/away2012_nicolai.pdf},
	Bdsk-Url-1 = {red.cs.nott.ac.uk/~ngk/away2012_nicolai.pdf}}

@misc{licata_kidding,
	Author = {Dan Licata},
	Owner = {nicolai},
	Timestamp = {2012.05.30},
	Title = {Just Kidding: Understanding Identity Elimination in Homotopy Type Theory},
	Url = {http://homotopytypetheory.org/2011/04/10/just-kidding-understanding-identity-elimination-in-homotopy-type-theory/},
	Bdsk-Url-1 = {http://homotopytypetheory.org/2011/04/10/just-kidding-understanding-identity-elimination-in-homotopy-type-theory/}}

@misc{bauerLums_univalenceImpliesExt,
	Author = {Andrej Bauerand Peter LeFanu Lumsdaine},
	Date-Added = {2012-03-03 14:50:50 +0000},
	Date-Modified = {2012-03-03 14:50:50 +0000},
	Note = {\href{run:sources/bauerLums_univalenceImpliesExt.pdf}{local}},
	Owner = {nicolai},
	Timestamp = {2012.05.30},
	Title = {A Coq proof that Univalence Axioms implies Functional Extensionality},
	Url = {https://github.com/andrejbauer/Homotopy/raw/master/OberwolfachTutorial/univalence.pdf},
	Bdsk-Url-1 = {https://github.com/andrejbauer/Homotopy/raw/master/OberwolfachTutorial/univalence.pdf}}

@misc{lums_HIThott,
	Author = {Peter LeFanu Lumsdaine},
	Owner = {nicolai},
	Timestamp = {2012.05.30},
	Title = {Higher Inductive Types: a tour of the menagerie},
	Url = {http://homotopytypetheory.org/2011/04/24/higher-inductive-types-a-tour-of-the-menagerie},
	Bdsk-Url-1 = {http://homotopytypetheory.org/2011/04/24/higher-inductive-types-a-tour-of-the-menagerie}}

@article{lumsdaine_MCfromHIT,
	Author = {Peter LeFanu Lumsdaine},
	Date-Added = {2012-03-03 14:50:50 +0000},
	Date-Modified = {2012-03-03 14:50:50 +0000},
	Note = {\href{run:sources/lumsdaine_MCfromHIT.pdf}{local}},
	Title = {Model Structures from Higher Inductive Types},
	Url = {http://www.mathstat.dal.ca/~p.l.lumsdaine/research/Lumsdaine-Model-strux-from-HITs.pdf},
	Bdsk-Url-1 = {http://www.mathstat.dal.ca/~p.l.lumsdaine/research/Lumsdaine-Model-strux-from-HITs.pdf}}

@other{lumsdaine_phd,
	Acmid = {1575621},
	Address = {Berlin, Heidelberg},
	Author = {Lumsdaine, Peter Lefanu},
	Date-Added = {2012-03-03 14:50:50 +0000},
	Date-Modified = {2012-03-03 14:50:50 +0000},
	Doi = {10.1007/978-3-642-02273-9_14},
	Note = {\href{run:sources/lumsdaine_phd.pdf}{local}},
	Owner = {nicolai},
	Publisher = {Springer-Verlag},
	Timestamp = {2012.05.30},
	Title = {Higher Categories from Type Theories (PhD thesis)},
	Url = {www.andrew.cmu.edu/user/awodey/students/lumsdaine.pdf},
	Bdsk-Url-1 = {www.andrew.cmu.edu/user/awodey/students/lumsdaine.pdf},
	Bdsk-Url-2 = {http://dx.doi.org/10.1007/978-3-642-02273-9_14}}

@inproceedings{lumsdaine_weakOmegaCatsFromITT,
	Acmid = {1575621},
	Address = {Berlin, Heidelberg},
	Author = {Lumsdaine, Peter Lefanu},
	Booktitle = {Proceedings of the 9th International Conference on Typed Lambda Calculi and Applications},
	Date-Added = {2012-03-03 14:50:50 +0000},
	Date-Modified = {2012-03-03 14:50:50 +0000},
	Isbn = {978-3-642-02272-2},
	Location = {Brasilia, Brazil},
	Note = {\href{run:sources/lumsdaine_weakOmegaCatsFromITT.pdf}{local}},
	Numpages = {16},
	Owner = {nicolai},
	Pages = {172--187},
	Publisher = {Springer-Verlag},
	Series = {TLCA '09},
	Timestamp = {2012.05.30},
	Title = {Weak omega-Categories from Intensional Type Theory},
	Url = {http://dx.doi.org/10.1007/978-3-642-02273-9_14},
	Year = {2009},
	Bdsk-Url-1 = {http://dx.doi.org/10.1007/978-3-642-02273-9_14}}

@book{Lurie_higherToposTheory,
	Address = {Princeton},
	Author = {Lurie, Jacob},
	Date-Added = {2012-03-03 14:50:50 +0000},
	Date-Modified = {2012-03-03 14:50:50 +0000},
	Note = {\href{run:sources/Lurie_higherToposTheory.pdf}{local}},
	Publisher = {Princeton University Press},
	Series = {Annals of Mathematics Studies},
	Title = {Higher Topos Theory},
	Url = {http://arxiv.org/abs/math/0608040},
	Year = {2009},
	Bdsk-Url-1 = {http://arxiv.org/abs/math/0608040}}

@book{macLane_CatsForTheWorkingMat,
	Added-At = {2009-08-05T14:33:33.000+0200},
	Address = {New York},
	Author = {MacLane, Saunders},
	Biburl = {http://www.bibsonomy.org/bibtex/222f1396b1cc89da55668cea7eef7d77e/tomter},
	Date-Added = {2012-03-03 14:50:50 +0000},
	Date-Modified = {2012-03-03 14:50:50 +0000},
	Interhash = {51566d046db4c3ea930c2b5ca79173f1},
	Intrahash = {22f1396b1cc89da55668cea7eef7d77e},
	Keywords = {categories},
	Mrclass = {18-02},
	Mrnumber = {MR0354798 (50 \#7275)},
	Mrreviewer = {H.-B. Brinkmann},
	Note = {\href{run:sources/macLane_CatsForTheWorkingMat.pdf}{local}},
	Pages = {ix+262},
	Publisher = {Springer-Verlag},
	Timestamp = {2009-08-05T14:33:33.000+0200},
	Title = {Categories for the working mathematician},
	Year = {1971}}

@unpublished{hovey_modelCats,
	Author = {{Mark Hovey}},
	Date-Added = {2012-03-03 14:50:50 +0000},
	Date-Modified = {2012-03-03 14:50:50 +0000},
	Note = {\href{run:sources/hovey_modelCats.pdf}{local}},
	Owner = {nicolai},
	Timestamp = {2012.05.30},
	Title = {{Model Categories}},
	Url = {http://www.math.tamu.edu/~plfilho/wk-seminar/Hovey_book.ps},
	Year = {2000},
	Bdsk-Url-1 = {http://www.math.tamu.edu/~plfilho/wk-seminar/Hovey_book.ps}}

@article{martinLoef_ITTpred,
	Author = {Martin-L\"of, Per},
	Doi = {10.2307/2274116},
	Issn = {00224812},
	Journal = {The Journal of Symbolic Logic},
	Keywords = {gadt},
	Month = mar,
	Number = {1},
	Owner = {nicolai},
	Pages = {311+},
	Posted-At = {2010-11-02 15:08:25},
	Priority = {2},
	Timestamp = {2012.05.30},
	Title = {{An Intuitionistic Theory of Types: Predicative Part.}},
	Url = {http://dx.doi.org/10.2307/2274116},
	Volume = {49},
	Year = {1984},
	Bdsk-Url-1 = {http://dx.doi.org/10.2307/2274116}}

@techreport{martinLoef_ITT,
	Added-At = {2010-08-25T08:47:38.000+0200},
	Author = {Martin-L\"{o}f, Per},
	Biburl = {http://www.bibsonomy.org/bibtex/2f2b7dc8b6485b53839d8804456cf0871/miguel.pagano},
	Citeulike-Article-Id = {{3401321}},
	Interhash = {c3b89a0ccda649a7055c9e371cf23479},
	Intrahash = {f2b7dc8b6485b53839d8804456cf0871},
	Keywords = {{type-theory}},
	Owner = {nicolai},
	Printed = {{TT}},
	Publisher = {{University of Stockholm}},
	Timestamp = {2010-08-25T08:47:38.000+0200},
	Title = {{An Intuitionistic Theory of Types}},
	Year = {{1972}}}

@book{martinLoef_tt,
	Address = {Naples},
	Author = {Martin-L\"{o}f, Per},
	Citeulike-Article-Id = {2425748},
	Citeulike-Linkout-0 = {http://www.ams.org/mathscinet-getitem?mr=769301},
	Keywords = {type-theory},
	Mrnumber = {MR769301},
	Note = {\href{run:sources/martinLoef_tt.pdf}{local}},
	Owner = {nicolai},
	Posted-At = {2009-07-14 22:36:04},
	Priority = {2},
	Publisher = {Bibliopolis},
	Series = {Studies in Proof Theory},
	Timestamp = {2012.05.30},
	Title = {{Intuitionistic type theory}},
	Url = {http://www.ams.org/mathscinet-getitem?mr=769301},
	Volume = {1},
	Year = {1984},
	Bdsk-Url-1 = {http://www.ams.org/mathscinet-getitem?mr=769301}}

@book{may_simplicialObjectsInAT,
	Author = {May, J. Peter},
	Citeulike-Article-Id = {120188},
	Keywords = {bibtex-import},
	Note = {\href{run:sources/may_simplicialObjectsInAT.pdf}{local}},
	Posted-At = {2005-03-10 21:23:30},
	Priority = {3},
	Publisher = {D. Van Nostrand Co., Inc., Princeton, N.J.-Toronto, Ont.-London},
	Series = {Van Nostrand Mathematical Studies, No. 11},
	Title = {{Simplicial objects in algebraic topology}},
	Year = {1967}}

@phdthesis{mcbride_thesis,
	Author = {Conor McBride},
	Owner = {nicolai},
	School = {University of Edinburgh},
	Timestamp = {2012.05.30},
	Title = {Dependently {T}yped {F}unctional {P}rograms and their {P}roofs},
	Url = {http://www.lfcs.informatics.ed.ac.uk/reports/00/ECS-LFCS-00-419/},
	Year = {1999},
	Bdsk-Url-1 = {http://www.lfcs.informatics.ed.ac.uk/reports/00/ECS-LFCS-00-419/}}

@article{kapulkinMoerdijk_modelCats,
	Author = {Ieke Moerdijk},
	Date-Added = {2012-03-03 14:50:50 +0000},
	Date-Modified = {2012-03-03 14:50:50 +0000},
	Note = {\href{run:sources/kapulkinMoerdijk_modelCats.pdf}{local}},
	Title = {{Introduction to Quillen Model Categories}},
	Url = {http://www.pitt.edu/~krk56/http://www.pitt.edu/~krk56/intro_model_cats.pdf},
	Bdsk-Url-1 = {http://www.pitt.edu/~krk56/http://www.pitt.edu/~krk56/intro_model_cats.pdf}}

@article{kapulkinMoerdijk_univInSSet,
	Author = {Ieke Moerdijk},
	Date-Added = {2012-03-03 14:50:50 +0000},
	Date-Modified = {2012-03-03 14:50:50 +0000},
	Note = {\href{run:sources/kapulkinMoerdijk_univInSSet.pdf}{local}},
	Title = {{Fibre Bundles and Univalence}},
	Url = {http://www.pitt.edu/~krk56/fiber_bundles_univalence.pdf},
	Bdsk-Url-1 = {http://www.pitt.edu/~krk56/fiber_bundles_univalence.pdf}}

@book{goerssJardine_simplicialHT,
	Author = {{P.G. Goerss and J.F. Jardine}},
	Date-Added = {2012-03-03 14:50:50 +0000},
	Date-Modified = {2012-04-09 12:01:16 +0100},
	Note = {\href{run:sources/goerss-jardine.pdf}{local}},
	Owner = {nicolai},
	Timestamp = {2012.05.30},
	Title = {{Simplicial Homotopy Theory}},
	Url = {http://www.math.uiuc.edu/K-theory/0148/},
	Bdsk-Url-1 = {http://www.math.uiuc.edu/K-theory/0148/}}

@misc{Palmgren_GrpLocalCartesianClosure,
	Author = {Erik Palmgren},
	Date-Added = {2012-03-03 14:50:50 +0000},
	Date-Modified = {2012-03-03 14:50:50 +0000},
	Note = {\href{run:sources/Palmgren_GrpLocalCartesianClosure.pdf}{local}},
	Owner = {nicolai},
	Timestamp = {2012.05.30},
	Title = {Groupoids and Local Cartesian Closure},
	Url = {www2.math.uu.se/~palmgren/gpdlcc.pdf},
	Year = {2003},
	Bdsk-Url-1 = {www2.math.uu.se/~palmgren/gpdlcc.pdf}}

@book{quillen_homotopicalAlgebra,
	Author = {Quillen, D. G.},
	Date-Added = {2012-03-03 14:50:50 +0000},
	Date-Modified = {2012-03-03 14:50:50 +0000},
	Publisher = {Springer-Verlag},
	Series = {Lecture Notes in Mathematics},
	Title = {{Homotopical Algebra}},
	Volume = {43},
	Year = {1967}}

@misc{riehl_introToSSet,
	Author = {Emily Riehl},
	Date-Added = {2012-03-03 14:50:50 +0000},
	Date-Modified = {2012-03-03 14:50:50 +0000},
	Keywords = {simplicial sets},
	Note = {\href{run:sources/riehl_introToSSet.pdf}{local}},
	Title = {A leisurely introduction to simplicial sets},
	Url = {www.math.harvard.edu/~eriehl/ssets.pdf},
	Bdsk-Url-1 = {www.math.harvard.edu/~eriehl/ssets.pdf}}

@unpublished{sattler_eta,
	Author = {Christian Sattler},
	Date-Added = {2012-04-09 11:51:43 +0100},
	Date-Modified = {2012-04-09 11:54:06 +0100},
	Rating = {5},
	Read = {0},
	Title = {On the Merits of the $\eta$-Law for Inductive Types},
	Year = {2012},
	Bdsk-File-1 = {YnBsaXN0MDDUAQIDBAUIJidUJHRvcFgkb2JqZWN0c1gkdmVyc2lvblkkYXJjaGl2ZXLRBgdUcm9vdIABqAkKFRYXGyIjVSRudWxs0wsMDQ4RFFpOUy5vYmplY3RzV05TLmtleXNWJGNsYXNzog8QgASABqISE4ACgAOAB1lhbGlhc0RhdGFccmVsYXRpdmVQYXRo0hgNGRpXTlMuZGF0YU8RAZQAAAAAAZQAAgAADE1hY2ludG9zaCBIRAAAAAAAAAAAAAAAAAAAAMmnh09IKwAAAGdm2Q9zYXR0bGVyX2V0YS5wZGYAAAAAAAAAAAAAAAAAAAAAAAAAAAAAAAAAAAAAAAAAAAAAAAAAAAAAAAAAAAAAAAAAZ2ciy6h5lgAAAAAAAAAAAAEAAwAACSAAAAAAAAAAAAAAAAAAAAAHc291cmNlcwAAEAAIAADJp4dPAAAAEQAIAADLqGuGAAAAAQAQAGdm2QBnY1UACGZoAACYOQACADxNYWNpbnRvc2ggSEQ6VXNlcnM6bmljb2xhaWtyYXVzOnN5bmM6c291cmNlczpzYXR0bGVyX2V0YS5wZGYADgAgAA8AcwBhAHQAdABsAGUAcgBfAGUAdABhAC4AcABkAGYADwAaAAwATQBhAGMAaQBuAHQAbwBzAGgAIABIAEQAEgAvVXNlcnMvbmljb2xhaWtyYXVzL3N5bmMvc291cmNlcy9zYXR0bGVyX2V0YS5wZGYAABMAAS8AABUAAgAT//8AAIAF0hwdHh9YJGNsYXNzZXNaJGNsYXNzbmFtZaMfICFdTlNNdXRhYmxlRGF0YVZOU0RhdGFYTlNPYmplY3RfEBdzb3VyY2VzL3NhdHRsZXJfZXRhLnBkZtIcHSQloiUhXE5TRGljdGlvbmFyeRIAAYagXxAPTlNLZXllZEFyY2hpdmVyAAgAEQAWAB8AKAAyADUAOgA8AEUASwBSAF0AZQBsAG8AcQBzAHYAeAB6AHwAhgCTAJgAoAI4AjoCPwJIAlMCVwJlAmwCdQKPApQClwKkAqkAAAAAAAACAQAAAAAAAAAoAAAAAAAAAAAAAAAAAAACuw==}}

@article{seely_LCCCandTT,
	Author = {R. A. G. Seely},
	Date-Added = {2012-03-03 14:50:50 +0000},
	Date-Modified = {2012-03-03 14:50:50 +0000},
	Filed = {379},
	Journal = {Math. Proc. Camb. Phil. Soc.},
	Note = {\href{run:sources/seely_LCCCandTT.pdf}{local}},
	Pages = {33--48},
	Title = {Locally Cartesian Closed Categories and Type Theory},
	Url = {http://www.amazon.com/exec/obidos/redirect?tag=citeulike07-20\&path=ASIN/0198568614},
	Volume = {95},
	Year = {1984},
	Bdsk-Url-1 = {http://www.amazon.com/exec/obidos/redirect?tag=citeulike07-20%5C&path=ASIN/0198568614}}

@misc{shulman:blog,
	Author = {Mike Shulman},
	Date-Added = {2012-03-03 14:50:50 +0000},
	Date-Modified = {2012-03-03 14:50:50 +0000},
	Owner = {nicolai},
	Timestamp = {2012.05.30},
	Title = {Homotopy Type Theory (several Blogposts)},
	Url = {http://golem.ph.utexas.edu/category/2011/03/homotopy_type_theory_i.html},
	Bdsk-Url-1 = {http://golem.ph.utexas.edu/category/2011/03/homotopy_type_theory_i.html}}

@book{simpson_hthc,
	Abstract = {{This is the first draft of a book about higher categories approached
	by iterating Segal's method, as in Tamsamani's definition of \$n\$-nerve
	and Pelissier's thesis. If \$M\$ is a tractable left proper cartesian
	model category, we construct a tractable left proper cartesian model
	structure on the category of \$M\$-precategories. The procedure can
	then be iterated, leading to model categories of \$(\infty, n)\$-categories.}},
	Archiveprefix = {arXiv},
	Author = {Simpson, Carlos T.},
	Date-Added = {2012-03-03 14:50:50 +0000},
	Date-Modified = {2012-03-03 14:50:50 +0000},
	Keywords = {category, homotopy, theory},
	Note = {\href{run:sources/simpson_hthc.pdf}{local}},
	Title = {{Homotopy theory of higher categories}},
	Url = {http://arxiv.org/abs/1001.4071},
	Year = {2010},
	Bdsk-Url-1 = {http://arxiv.org/abs/1001.4071}}

@article{street_womcats,
	Author = {Ross Street},
	Date-Added = {2012-03-03 14:50:50 +0000},
	Date-Modified = {2012-03-03 14:50:50 +0000},
	Note = {\href{run:sources/street_womcats.pdf}{local}},
	Title = {Weak omega-categories},
	Url = {www.math.mq.edu.au/~street/Womcats.pdf},
	Bdsk-Url-1 = {www.math.mq.edu.au/~street/Womcats.pdf}}

@other{streicher_map11,
	Author = {Thomas Streicher},
	Date-Added = {2012-03-03 14:50:50 +0000},
	Date-Modified = {2012-03-03 14:50:50 +0000},
	Note = {\href{run:sources/streicher_map11.pdf}{local}},
	Owner = {nicolai},
	Timestamp = {2012.05.30},
	Title = {Isomorphic Types are Equal! (talk)},
	Type = {talk},
	Url = {http://www.mathematik.tu-darmstadt.de/~streicher/},
	Bdsk-Url-1 = {http://www.mathematik.tu-darmstadt.de/~streicher/}}

@article{streicher_modelInSset,
	Author = {Thomas Streicher},
	Date-Added = {2012-03-03 14:50:50 +0000},
	Date-Modified = {2012-03-03 14:50:50 +0000},
	Note = {\href{run:sources/streicher_modelInSset.pdf}{local}},
	Title = {{A Model of Type Theory in Simplicial Sets}},
	Url = {http://www.mathematik.tu-darmstadt.de/~streicher/},
	Bdsk-Url-1 = {http://www.mathematik.tu-darmstadt.de/~streicher/}}

@book{vickers_topologyViaLogic,
	Abstract = {{This advanced textbook on topology has three unusual features. First,
	the introduction is from the locale viewpoint, motivated by the logic
	of finite observations: this provides a more direct approach than
	the traditional one based on abstracting properties of open sets
	in the real line. Second, the author freely exploits the methods
	of locale theory. Third, there is substantial discussion of some
	computer science applications. As computer scientists become more
	aware of the mathematical foundations of their discipline, it is
	appropriate that such topics are presented in a form of direct relevance
	and applicability. This book goes some way towards bridging the gap
	for computer scientists.}},
	Author = {Vickers, Steven},
	Day = {13},
	Howpublished = {Paperback},
	Isbn = {0521576512},
	Keywords = {logic, topology},
	Month = sep,
	Note = {\href{run:sources/vickers_topologyViaLogic.pdf}{local}},
	Posted-At = {2010-02-25 11:39:07},
	Priority = {3},
	Publisher = {Cambridge University Press},
	Series = {Cambridge Tracts in Theoretical Computer Science},
	Title = {{Topology via Logic}},
	Url = {http://www.zentralblatt-math.org/zmath/en/search/?q=an:0922.54002\&\#38;format=complete},
	Year = {1996},
	Bdsk-Url-1 = {http://www.zentralblatt-math.org/zmath/en/search/?q=an:0922.54002%5C&%5C#38;format=complete}}

@article{voevodsky_equivalenceAndUnivalence,
	Author = {Voevodsky, V.},
	Date-Added = {2012-03-03 14:50:50 +0000},
	Date-Modified = {2012-03-03 14:50:50 +0000},
	Journal = {Talk at CMU},
	Note = {\href{run:sources/voevodsky_equivalenceAndUnivalence.pdf}{local}},
	Title = {{The equivalence axiom and univalent models of type theory}},
	Url = {http://www.math.ias.edu/~vladimir/Site3/Univalent_Foundations_files/CMU_talk.pdf},
	Bdsk-Url-1 = {http://www.math.ias.edu/~vladimir/Site3/Univalent_Foundations_files/CMU_talk.pdf}}

@article{voevodsky_goteborg,
	Author = {Voevodsky, V.},
	Date-Added = {2012-03-03 14:50:50 +0000},
	Date-Modified = {2012-03-03 14:50:50 +0000},
	Journal = {Talk in Goteborg},
	Note = {\href{run:sources/voevodsky_goteborg.pdf}{local}},
	Title = {{Univalent Foundations of Mathematics}},
	Url = {www.math.ias.edu/~vladimir/Site3/Univalent_Foundations_files/2011_Goteborg.pdf},
	Bdsk-Url-1 = {www.math.ias.edu/~vladimir/Site3/Univalent_Foundations_files/2011_Goteborg.pdf}}

@article{voevodsky_univalentFoundationsProjectNSF,
	Author = {Voevodsky, V.},
	Date-Added = {2012-03-03 14:50:50 +0000},
	Date-Modified = {2012-03-03 14:50:50 +0000},
	Journal = {a modified version of an NSF grant application},
	Note = {\href{run:sources/voevodsky_univalentFoundationsProject.pdf}{local}},
	Title = {{Univalent Foundations Project}},
	Url = {www.math.ias.edu/~vladimir/Site3/Univalent_Foundations_files/univalent_foundations_project.pdf},
	Bdsk-Url-1 = {www.math.ias.edu/~vladimir/Site3/Univalent_Foundations_files/univalent_foundations_project.pdf}}

@book{warren_strictOmegaInterpretation,
	Author = {Michael Warren},
	Date-Added = {2012-03-03 14:50:50 +0000},
	Date-Modified = {2012-03-03 14:50:50 +0000},
	Note = {\href{run:sources/warren_strictOmegaInterpretation.pdf}{local}},
	Title = {The strict omega-groupoid interpretation of type theory},
	Url = {http://www.math.ias.edu/~mwarren/Papers/makkaifest_preprint.pdf},
	Bdsk-Url-1 = {http://www.math.ias.edu/~mwarren/Papers/makkaifest_preprint.pdf}}

@other{warren_phd,
	Author = {Warren, Michael A.},
	Citeulike-Article-Id = {8809045},
	Date-Added = {2012-03-03 14:50:50 +0000},
	Date-Modified = {2012-03-03 14:50:50 +0000},
	Keywords = {coquand-bologna, homotopy-theory},
	Note = {\href{run:sources/warren_phd.pdf}{local}},
	Owner = {nicolai},
	Posted-At = {2011-02-11 17:20:17},
	Priority = {2},
	School = {Carnegie Mellon University},
	Timestamp = {2012.05.30},
	Title = {Homotopy theoretic aspects of constructive type theory (PhD thesis)},
	Url = {http://mathstat.dal.ca/~mwarren/Papers/phd.pdf},
	Year = {2008},
	Bdsk-Url-1 = {http://mathstat.dal.ca/~mwarren/Papers/phd.pdf}}

@misc{ncatlab,
	Date-Added = {2012-03-03 14:50:50 +0000},
	Date-Modified = {2012-03-03 14:50:50 +0000},
	Title = {The \textit{n}Lab},
	Url = {http://ncatlab.org},
	Bdsk-Url-1 = {http://ncatlab.org}}

@other{nlab_catsem,
	Title = {nlab: categorical semantics},
	Url = {http://ncatlab.org/nlab/show/categorical+semantics},
	Bdsk-Url-1 = {http://ncatlab.org/nlab/show/categorical+semantics}}

@other{nlab_topos,
	Title = {nlab: 
      internal logic of an (infinity,1)-topos},
	Url = {http://ncatlab.org/nlab/show/internal+logic+of+an+%28infinity%2C1%29-topos},
}

@other{nlab,
	Title = {\emph{n}lab},
	Url = {http://ncatlab.org/nlab/show/HomePage},
}

@other{nlab_fib,
	Date-Added = {2012-03-03 14:50:50 +0000},
	Date-Modified = {2012-04-09 11:37:00 +0100},
	Title = {ncatlab: Grothendieck fibration},
	Url = {http://ncatlab.org/nlab/show/Grothendieck+fibration},
	Bdsk-Url-1 = {http://ncatlab.org/nlab/show/Grothendieck+fibration}}

@other{nlab_gc,
	Date-Added = {2012-03-03 14:50:50 +0000},
	Date-Modified = {2012-04-09 11:37:15 +0100},
	Owner = {nicolai},
	Timestamp = {2012.05.30},
	Title = {ncatlab: Grothendieck construction},
	Url = {http://ncatlab.org/nlab/show/Grothendieck+construction},
	Bdsk-Url-1 = {http://ncatlab.org/nlab/show/Grothendieck+construction}}

@other{nlab_mc,
	Date-Added = {2012-03-03 14:50:50 +0000},
	Date-Modified = {2012-04-09 11:37:20 +0100},
	Owner = {nicolai},
	Timestamp = {2012.05.30},
	Title = {ncatlab: Model Category},
	Url = {http://nlab.mathforge.org/nlab/show/model+category},
	Bdsk-Url-1 = {http://nlab.mathforge.org/nlab/show/model+category}}

@other{nlab_wfs,
	Date-Added = {2012-03-03 14:50:50 +0000},
	Date-Modified = {2012-04-09 11:37:38 +0100},
	Owner = {nicolai},
	Timestamp = {2012.05.30},
	Title = {ncatlab: weak factorization system},
	Url = {http://ncatlab.org/nlab/show/weak+factorization+system},
	Bdsk-Url-1 = {http://ncatlab.org/nlab/show/weak+factorization+system}}

@other{wiki_fib,
	Date-Added = {2012-03-03 14:50:50 +0000},
	Date-Modified = {2012-04-09 11:37:31 +0100},
	Owner = {nicolai},
	Timestamp = {2012.05.30},
	Title = {Wikipedia: fibration},
	Url = {http://en.wikipedia.org/wiki/Fibration},
	Bdsk-Url-1 = {http://en.wikipedia.org/wiki/Fibration}}

@other{wiki_whitehead,
	Date-Added = {2012-03-03 14:50:50 +0000},
	Date-Modified = {2012-04-09 11:37:49 +0100},
	Owner = {nicolai},
	Timestamp = {2012.05.30},
	Title = {Wikipedia: Whitehead theorem},
	Url = {http://en.wikipedia.org/wiki/Whitehead_theorem},
	Bdsk-Url-1 = {http://en.wikipedia.org/wiki/Whitehead_theorem}}


@other{kraus_post,
	Title = {A direct proof of Hedberg's theorem},
	Url = {http://homotopytypetheory.org/2012/03/30/a-direct-proof-of-hedbergs-theorem/},
	}


@book{lambekScott_catLogic,
  address = {{New York, NY, USA}},
  author = {Lambek, J. and Scott, P. J.},
  interhash = {8cb89026d8f0a3761a02b6532fc48c26},
  intrahash = {9662617f31b6a599a248142373a538c1},
  isbn = {{0-521-35653-9}},
  keywords = {imported},
  publisher = {{Cambridge University Press}},
  timestamp = {2010-08-25T08:47:38.000+0200},
  title = {{Introduction to higher order categorical logic}},
  year = {{1988}},
  url = {},
  	Note = {\href{run:sources/lambekScott_catLogic.pdf}{local}},
}

@book{abelKraus_lambda,
  author = {Andreas Abel and Nicolai Kraus},
  title = {{A Lambda Term Representation Inspired by Linear Ordered Logic}},
  year = {{2011}},
  url = {http://arxiv.org/abs/1111.0085},
  }

@inproceedings{altenBrideSw_obsEquNow,
	Author = {Thorsten Altenkirch and Connor McBride and Wouter Swierstra},
	Title = {Observational Equality, now!},
	Note = {\href{run:sources/altenBrideSw_obsEquNow.pdf}{local}},
}

@unpublished{altenBride_towardsOTT,
    author = {Altenkirch, T. and Mcbride, C.},
    keywords = {haskell, types},
    title = {{Towards Observational Type Theory}},
    url = {www.strictlypositive.org/ott.pdf}
}

@inproceedings{hofmann_conservativity,
  title = {Conservativity of Equality Reflection over Intensional Type Theory},
  author = {Martin Hofmann},
  year = {1995},
  doi = {http://dx.doi.org/10.1007/3-540-61780-9_68},
  tags = {reflection, type theory},
  researchr = {http://researchr.org/publication/Hofmann95%3A1},
  cites = {0},
  citedby = {0},
  pages = {153-164},
  booktitle = {Types for Proofs and Programs, International Workshop TYPES 95, Torino, Italy, June 5-8, 1995, Selected Papers},
  editor = {Stefano Berardi and Mario Coppo},
  volume = {1158},
  series = {Lecture Notes in Computer Science},
  publisher = {Springer},
  isbn = {3-540-61780-9},
	Note = {\href{run:sources/hofmann_conservativity.pdf}{local}},
}

@unpublished{liAltenAmb_defQuo,
    author = {Thorsten Altenkirch and Thomas Anberrée and Nuo Li},
    title = {{Definable Quotients in Type Theory}},
	Note = {\href{run:sources/liAltenAmb_defQuo.pdf}{local}},
}


@MISC{awodeyBauer_bracketTypes,
    author = {Steve Awodey and Andrej Bauer},
    title = {Propositions as [Types]},
    year = {2001}
}
@MISC{altenRypacek_weakOmegaGrp,
    author = {Thorsten Altenkirch and Ondrej Rypacek},
    title = {A syntactical approach to weak omega groupoids},
    year = {2012}
}
