%% This BibTeX bibliography file was created using BibDesk.
%% http://bibdesk.sourceforge.net/


%% Created for Ondrej Rypacek at 2014-07-21 15:07:07 +0100 


%% Saved with string encoding Unicode (UTF-8) 




@incollection{HofmannStreicher98,
	Address = {New York},
	Author = {Hofmann, Martin and Streicher, Thomas},
	Booktitle = {Twenty-five years of constructive type theory ({V}enice, 1995)},
	Date-Added = {2014-07-21 11:13:01 +0000},
	Date-Modified = {2014-07-21 11:13:13 +0000},
	Mrclass = {03B15 (68N15 68Q55)},
	Mrnumber = {1686862},
	Pages = {83--111},
	Publisher = {Oxford Univ. Press},
	Series = {Oxford Logic Guides},
	Title = {The groupoid interpretation of type theory},
	Volume = {36},
	Year = {1998},
	Bdsk-File-1 = {YnBsaXN0MDDUAQIDBAUGJCVYJHZlcnNpb25YJG9iamVjdHNZJGFyY2hpdmVyVCR0b3ASAAGGoKgHCBMUFRYaIVUkbnVsbNMJCgsMDxJXTlMua2V5c1pOUy5vYmplY3RzViRjbGFzc6INDoACgAOiEBGABIAFgAdccmVsYXRpdmVQYXRoWWFsaWFzRGF0YV8QSS4uL0RvY3VtZW50cy9QYXBlcnMvSG9mbWFubi9UaGUgZ3JvdXBvaWQgaW50ZXJwcmV0YXRpb24gb2YgdHlwZSB0aGVvcnkucHPSFwsYGVdOUy5kYXRhTxECDAAAAAACDAACAAAMTWFjaW50b3NoIEhEAAAAAAAAAAAAAAAAAAAAzT1L+kgrAAAABREbH1RoZSBncm91cG9pZCBpbnRlcnByZXQjNTExMUQucHMAAAAAAAAAAAAAAAAAAAAAAAAAAAAAAAAAAAAAAAAAAAAFER24tR2PAAAAAAAAAAAAAQAEAAAJIAAAAAAAAAAAAAAAAAAAAAdIb2ZtYW5uAAAQAAgAAM09S/oAAAARAAgAALi1HY8AAAABABQABREbAAUQmgAFEAEABQPuAAIQNwACAFRNYWNpbnRvc2ggSEQ6VXNlcnM6AG94cjoARG9jdW1lbnRzOgBQYXBlcnM6AEhvZm1hbm46AFRoZSBncm91cG9pZCBpbnRlcnByZXQjNTExMUQucHMADgBcAC0AVABoAGUAIABnAHIAbwB1AHAAbwBpAGQAIABpAG4AdABlAHIAcAByAGUAdABhAHQAaQBvAG4AIABvAGYAIAB0AHkAcABlACAAdABoAGUAbwByAHkALgBwAHMADwAaAAwATQBhAGMAaQBuAHQAbwBzAGgAIABIAEQAEgBQVXNlcnMvb3hyL0RvY3VtZW50cy9QYXBlcnMvSG9mbWFubi9UaGUgZ3JvdXBvaWQgaW50ZXJwcmV0YXRpb24gb2YgdHlwZSB0aGVvcnkucHMAEwABLwAAFQACAAr//wAAgAbSGxwdHlokY2xhc3NuYW1lWCRjbGFzc2VzXU5TTXV0YWJsZURhdGGjHR8gVk5TRGF0YVhOU09iamVjdNIbHCIjXE5TRGljdGlvbmFyeaIiIF8QD05TS2V5ZWRBcmNoaXZlctEmJ1Ryb290gAEACAARABoAIwAtADIANwBAAEYATQBVAGAAZwBqAGwAbgBxAHMAdQB3AIQAjgDaAN8A5wL3AvkC/gMJAxIDIAMkAysDNAM5A0YDSQNbA14DYwAAAAAAAAIBAAAAAAAAACgAAAAAAAAAAAAAAAAAAANl}}

@inproceedings{Lumsdaine09,
	Author = {Peter LeFanu Lumsdaine},
	Bibsource = {DBLP, http://dblp.uni-trier.de},
	Booktitle = {TLCA},
	Crossref = {lncs09:typed-lambda},
	Date-Added = {2014-07-21 11:12:30 +0000},
	Date-Modified = {2014-07-21 11:12:40 +0000},
	Ee = {http://dx.doi.org/10.1007/978-3-642-02273-9_14},
	Keywords = {homotopy-type-theory},
	Pages = {172-187},
	Title = {Weak omega-Categories from Intensional Type Theory},
	Year = {2009},
	Bdsk-File-1 = {YnBsaXN0MDDUAQIDBAUGJCVYJHZlcnNpb25YJG9iamVjdHNZJGFyY2hpdmVyVCR0b3ASAAGGoKgHCBMUFRYaIVUkbnVsbNMJCgsMDxJXTlMua2V5c1pOUy5vYmplY3RzViRjbGFzc6INDoACgAOiEBGABIAFgAdccmVsYXRpdmVQYXRoWWFsaWFzRGF0YV8QSS4uL0RvY3VtZW50cy9QYXBlcnMvTHVtc2RhaW5lL1dlYWsgb21lZ2EtQ2F0ZWdvcmllcyBmcm9tIEludGVuc2lvbmFsIFR5cGXSFwsYGVdOUy5kYXRhTxECDAAAAAACDAACAAAMTWFjaW50b3NoIEhEAAAAAAAAAAAAAAAAAAAAzT1L+kgrAAAABRFbH1dlYWsgb21lZ2EtQ2F0ZWdvcmllcyBmcm8jNTExNUMAAAAAAAAAAAAAAAAAAAAAAAAAAAAAAAAAAAAAAAAAAAAFEVzI6c7WAAAAAAAAAAAAAQAEAAAJIAAAAAAAAAAAAAAAAAAAAAlMdW1zZGFpbmUAABAACAAAzT1L+gAAABEACAAAyOnAxgAAAAEAFAAFEVsABRCaAAUQAQAFA+4AAhA3AAIAVk1hY2ludG9zaCBIRDpVc2VyczoAb3hyOgBEb2N1bWVudHM6AFBhcGVyczoATHVtc2RhaW5lOgBXZWFrIG9tZWdhLUNhdGVnb3JpZXMgZnJvIzUxMTVDAA4AWAArAFcAZQBhAGsAIABvAG0AZQBnAGEALQBDAGEAdABlAGcAbwByAGkAZQBzACAAZgByAG8AbQAgAEkAbgB0AGUAbgBzAGkAbwBuAGEAbAAgAFQAeQBwAGUADwAaAAwATQBhAGMAaQBuAHQAbwBzAGgAIABIAEQAEgBQVXNlcnMvb3hyL0RvY3VtZW50cy9QYXBlcnMvTHVtc2RhaW5lL1dlYWsgb21lZ2EtQ2F0ZWdvcmllcyBmcm9tIEludGVuc2lvbmFsIFR5cGUAEwABLwAAFQACAAr//wAAgAbSGxwdHlokY2xhc3NuYW1lWCRjbGFzc2VzXU5TTXV0YWJsZURhdGGjHR8gVk5TRGF0YVhOU09iamVjdNIbHCIjXE5TRGljdGlvbmFyeaIiIF8QD05TS2V5ZWRBcmNoaXZlctEmJ1Ryb290gAEACAARABoAIwAtADIANwBAAEYATQBVAGAAZwBqAGwAbgBxAHMAdQB3AIQAjgDaAN8A5wL3AvkC/gMJAxIDIAMkAysDNAM5A0YDSQNbA14DYwAAAAAAAAIBAAAAAAAAACgAAAAAAAAAAAAAAAAAAANl}}

@misc{vdBergGarner08,
	Author = {Benno Van Den Berg and Richard Garner},
	Date-Added = {2014-07-21 11:09:53 +0000},
	Date-Modified = {2014-07-21 11:11:56 +0000},
	Keywords = {omega , homotopy-type-theory},
	Title = {Types are weak Ï‰-groupoids},
	Year = {2008},
	Bdsk-File-1 = {YnBsaXN0MDDUAQIDBAUGJCVYJHZlcnNpb25YJG9iamVjdHNZJGFyY2hpdmVyVCR0b3ASAAGGoKgHCBMUFRYaIVUkbnVsbNMJCgsMDxJXTlMua2V5c1pOUy5vYmplY3RzViRjbGFzc6INDoACgAOiEBGABIAFgAdccmVsYXRpdmVQYXRoWWFsaWFzRGF0YW8QKQAuAC4ALwBEAHIAbwBwAGIAbwB4AC8AVAB5AHAAZQBzACAAYQByAGUAIAB3AGUAYQBrACADyQAtAGcAcgBvAHUAcABvAGkAZABzAC4AcABkAGbSFwsYGVdOUy5kYXRhTxEBsAAAAAABsAACAAAMTWFjaW50b3NoIEhEAAAAAAAAAAAAAAAAAAAAx9Sl4UgrAAAAiqQyGlR5cGVzIGFyZSB3ZWFrICMzQjFDNzEucGRmAAAAAAAAAAAAAAAAAAAAAAAAAAAAAAAAAAAAAAAAAAAAAAAAAAA7HHHI6c9ZAAAAAAAAAAAAAQACAAAJIAAAAAAAAAAAAAAAAAAAAAdEcm9wYm94AAAQAAgAAMfUl9EAAAARAAgAAMjpwUkAAAABAAwAiqQyAAhLigAAkvMAAgA8TWFjaW50b3NoIEhEOlVzZXJzOgBveHI6AERyb3Bib3g6AFR5cGVzIGFyZSB3ZWFrICMzQjFDNzEucGRmAA4APgAeAFQAeQBwAGUAcwAgAGEAcgBlACAAdwBlAGEAawAgA8kALQBnAHIAbwB1AHAAbwBpAGQAcwAuAHAAZABmAA8AGgAMAE0AYQBjAGkAbgB0AG8AcwBoACAASABEABIAMVVzZXJzL294ci9Ecm9wYm94L1R5cGVzIGFyZSB3ZWFrIM+JLWdyb3Vwb2lkcy5wZGYAABMAAS8AABUAAgAK//8AAIAG0hscHR5aJGNsYXNzbmFtZVgkY2xhc3Nlc11OU011dGFibGVEYXRhox0fIFZOU0RhdGFYTlNPYmplY3TSGxwiI1xOU0RpY3Rpb25hcnmiIiBfEA9OU0tleWVkQXJjaGl2ZXLRJidUcm9vdIABAAgAEQAaACMALQAyADcAQABGAE0AVQBgAGcAagBsAG4AcQBzAHUAdwCEAI4A4wDoAPACpAKmAqsCtgK/As0C0QLYAuEC5gLzAvYDCAMLAxAAAAAAAAACAQAAAAAAAAAoAAAAAAAAAAAAAAAAAAADEg==}}

@inproceedings{scotcats,
	Author = {Ond\v{r}ej Ryp\'{a}\v{c}ek},
	Howpublished = {talk},
	Publisher = {Sixth Scottish Category Theory Seminar},
	Title = {A syntactical approach to weak omega-groupoids},
	Year = {2012}}

@inproceedings{wessex,
	Author = {Ond\v{r}ej Ryp\'{a}\v{c}ek},
	Howpublished = {talk},
	Publisher = {10th Wessex Theory Seminar},
	Title = {Higher Dimensional Type Theory},
	Year = {2011}}

@inproceedings{domains,
	Author = {Ond\v{r}ej Ryp\'{a}\v{c}ek},
	Howpublished = {talk},
	Publisher = {Workshop Domains IX},
	Title = {High-Dimensional Distributive Laws},
	Year = {2008}}

@mastersthesis{RypacekMsc,
	Address = {Prague},
	Author = {Ond\v{r}ej Ryp\'a\v{c}ek},
	School = {Charles University},
	Title = {Polytypic programming in the context of logic programming},
	Year = {2003}}

@phdthesis{RypacekThesis,
	Author = {Ond\v{r}ej Ryp\'{a}\v{c}ek},
	Date-Added = {2014-07-16 12:19:41 +0000},
	Date-Modified = {2014-07-16 12:20:44 +0000},
	School = {University of Nottingham},
	Title = {Distributive laws in programming structures},
	Year = {2010}}

@inproceedings{RypacekSadrzadeh14,
	Address = {Vienna},
	Author = {Ond\v{r}ej Ryp\'a\v{c}ek and Mehrnoosh Sadrzadeh},
	Booktitle = {Second Workshop on Natural Language and Computer Science},
	Date-Added = {2014-07-16 11:31:39 +0000},
	Date-Modified = {2014-07-16 11:31:55 +0000},
	Month = {July},
	Title = {A Low-Level Treatment of Generalized Quantifiers in Categorical Compositional Distributional Semantics},
	Year = {2014}}

@inproceedings{LammelRypacek08,
	Author = {Ralf L{\"a}mmel and Ond\v{r}ej Ryp\'a\v{c}ek},
	Bibsource = {DBLP, http://dblp.uni-trier.de},
	Booktitle = {MPC},
	Crossref = {DBLP:conf/mpc/2008},
	Ee = {http://dx.doi.org/10.1007/978-3-540-70594-9_12},
	Pages = {193-219},
	Title = {The Expression Lemma},
	Year = {2008}}

@proceedings{DBLP:conf/mpc/2008,
	Bibsource = {DBLP, http://dblp.uni-trier.de},
	Booktitle = {MPC},
	Editor = {Philippe Audebaud and Christine Paulin-Mohring},
	Isbn = {978-3-540-70593-2},
	Publisher = {Springer},
	Series = {Lecture Notes in Computer Science},
	Title = {Mathematics of Program Construction, 9th International Conference, MPC 2008, Marseille, France, July 15-18, 2008. Proceedings},
	Volume = {5133},
	Year = {2008}}

@inproceedings{RypacekBackhouseNilsson06,
	Author = {Ond\v{r}ej Ryp\'a\v{c}ek and Roland Carl Backhouse and Henrik Nilsson},
	Bibsource = {DBLP, http://dblp.uni-trier.de},
	Booktitle = {ICFP-WGP},
	Crossref = {DBLP:conf/icfp/2006wgp},
	Ee = {http://doi.acm.org/10.1145/1159861.1159864},
	Pages = {13-22},
	Title = {Type-theoretic design patterns},
	Year = {2006}}

@proceedings{DBLP:conf/icfp/2006wgp,
	Bibsource = {DBLP, http://dblp.uni-trier.de},
	Booktitle = {ICFP-WGP},
	Editor = {Ralf Hinze},
	Publisher = {ACM},
	Title = {Proceedings of the ACM SIGPLAN Workshop on Genetic Programming, WGP 2006, Portland, Oregon, USA, September 16, 2006},
	Year = {2006}}

@inproceedings{JaskelioffRypacek12,
	Author = {Mauro Jaskelioff and Ond\v{r}ej Ryp\'a\v{c}ek},
	Bibsource = {DBLP, http://dblp.uni-trier.de},
	Booktitle = {MSFP},
	Crossref = {DBLP:journals/corr/abs-1202-2407},
	Ee = {http://dx.doi.org/10.4204/EPTCS.76.5},
	Pages = {40-49},
	Title = {An Investigation of the Laws of Traversals},
	Year = {2012}}

@proceedings{DBLP:journals/corr/abs-1202-2407,
	Bibsource = {DBLP, http://dblp.uni-trier.de},
	Booktitle = {MSFP},
	Editor = {James Chapman and Paul Blain Levy},
	Ee = {http://dx.doi.org/10.4204/EPTCS.76},
	Series = {EPTCS},
	Title = {Proceedings Fourth Workshop on Mathematically Structured Functional Programming, MSFP 2012, Tallinn, Estonia, 25 March 2012},
	Volume = {76},
	Year = {2012}}

@inproceedings{FosterRypacekStruth12,
	Author = {Simon Foster and Ond\v{r}ej Ryp\'a\v{c}ek and Georg Struth},
	Bibsource = {DBLP, http://dblp.uni-trier.de},
	Booktitle = {ICTAC},
	Crossref = {DBLP:conf/ictac/2012},
	Ee = {http://dx.doi.org/10.1007/978-3-642-32943-2_4},
	Pages = {46-60},
	Title = {Correctness of Object Oriented Models by Extended Type Inference},
	Year = {2012}}

@proceedings{DBLP:conf/ictac/2012,
	Bibsource = {DBLP, http://dblp.uni-trier.de},
	Booktitle = {ICTAC},
	Editor = {Abhik Roychoudhury and Meenakshi D'Souza},
	Ee = {http://dx.doi.org/10.1007/978-3-642-32943-2},
	Isbn = {978-3-642-32942-5},
	Publisher = {Springer},
	Series = {Lecture Notes in Computer Science},
	Title = {Theoretical Aspects of Computing - ICTAC 2012 - 9th International Colloquium, Bangalore, India, September 24-27, 2012. Proceedings},
	Volume = {7521},
	Year = {2012}}

@inproceedings{AltenkirchRypacek12,
	Author = {Thorsten Altenkirch and Ond\v{r}ej Ryp\'a\v{c}ek},
	Bibsource = {DBLP, http://dblp.uni-trier.de},
	Booktitle = {CSL},
	Crossref = {DBLP:conf/csl/2012},
	Ee = {http://dx.doi.org/10.4230/LIPIcs.CSL.2012.16},
	Pages = {16-30},
	Title = {A Syntactical Approach to Weak omega-Groupoids},
	Year = 2012}

@proceedings{DBLP:conf/csl/2012,
	Bibsource = {DBLP, http://dblp.uni-trier.de},
	Booktitle = {CSL},
	Editor = {Patrick C{\'e}gielski and Arnaud Durand},
	Ee = {http://drops.dagstuhl.de/opus/portals/extern/index.php?semnr=12009},
	Isbn = {978-3-939897-42-2},
	Publisher = {Schloss Dagstuhl - Leibniz-Zentrum fuer Informatik},
	Series = {LIPIcs},
	Title = {Computer Science Logic (CSL'12) - 26th International Workshop/21st Annual Conference of the EACSL, CSL 2012, September 3-6, 2012, Fontainebleau, France},
	Volume = {16},
	Year = {2012}}

@inproceedings{AltenkirchLiRypacek14,
	Acmid = 2631176,
	Address = {New York, NY, USA},
	Articleno = 4,
	Author = {Altenkirch, Thorsten and Li, Nuo and Ryp\'{a}\v{c}ek, Ond\v{r}ej},
	Booktitle = {Proceedings of the 2014 International Workshop on Logical Frameworks and Meta-languages: Theory and Practice},
	Doi = {10.1145/2631172.2631176},
	Isbn = {978-1-4503-2817-3},
	Keywords = {Agda, Category Theory, Formalisation, Higher dimensional structures, Homotopy Type Theory, Type Theory},
	Location = {Vienna, Austria},
	Numpages = 8,
	Pages = {4:1--4:8},
	Publisher = {ACM},
	Series = {LFMTP '14},
	Title = {Some Constructions on omega-groupoids},
	Url = {http://doi.acm.org/10.1145/2631172.2631176},
	Year = 2014,
	Bdsk-Url-1 = {http://doi.acm.org/10.1145/2631172.2631176},
	Bdsk-Url-2 = {http://dx.doi.org/10.1145/2631172.2631176}}
                  
@proceedings{lncs09:typed-lambda,
	Bibsource = {DBLP, http://dblp.uni-trier.de},
	Booktitle = {TLCA},
	Date-Added = {2014-07-21 14:06:01 +0000},
	Date-Modified = {2014-07-21 14:06:01 +0000},
	Editor = {Pierre-Louis Curien},
	Ee = {http://dx.doi.org/10.1007/978-3-642-02273-9},
	Isbn = {978-3-642-02272-2},
	Publisher = {Springer},
	Series = {Lecture Notes in Computer Science},
	Title = {Typed Lambda Calculi and Applications, 9th International Conference, TLCA 2009, Brasilia, Brazil, July 1-3, 2009. Proceedings},
	Volume = {5608},
	Year = {2009}}
