%% This BibTeX bibliography file was created using BibDesk.
%% http://bibdesk.sourceforge.net/


%% Created for Ondrej Rypacek at 2012-07-26 11:34:03 +0100 


%% Saved with string encoding Unicode (UTF-8) 



@phdthesis{rypacek:thesis,
	Author = {Ond\v{r}ej Ryp\'{a}\v{c}ek},
	Date-Added = {2012-07-26 10:02:33 +0000},
	Date-Modified = {2012-07-26 10:02:33 +0000},
	School = {The University of Nottingham},
	Title = {Distributive laws in programming structures},
	Year = {2010}}

@url{gylterud:thesis,
	Author = {H. Gylterud},
	Date-Added = {2012-07-26 09:56:26 +0000},
	Date-Modified = {2012-07-26 09:56:39 +0000},
	School = {University of Oslo},
	Title = {Symmetric Containers, Master's thesis},
	Urldate = {Gylterud, H., Symmetric Containers, Master's thesis, University of Oslo, 2011. Available from http://www.duo.uio.no/publ/matematikk/2011/144617/thesisgylterud.pdf.},
	Year = {2011}}

@inproceedings{kock:groupoids,
	Address = {Bath},
	Author = {Joachim Kock},
	Booktitle = {28th Conference on the Mathematical Foundations of Programming Semantics},
	Date-Added = {2012-07-26 09:52:11 +0000},
	Date-Modified = {2012-07-26 09:52:11 +0000},
	Journal = {Electronic Notes in Theoretical Computer Science},
	Title = {Data types with symmetries and polynomial functors over groupoids},
	Year = {2012}}

@inproceedings{abottAltenGhaniMcB:quotientContainers,
	Author = {Michael Abott and Thorsten Altenkirch and Neil Ghani and Conor McBride},
	Booktitle = {7th International Conference on Mathematics of Program Construction (MPC 2004)},
	Date-Added = {2012-07-26 09:40:56 +0000},
	Date-Modified = {2012-07-26 09:41:13 +0000},
	Title = {Constructing Polymorphic Programs with Quotient Types},
	Year = {2004},
	Bdsk-File-1 = {YnBsaXN0MDDUAQIDBAUIJidUJHRvcFgkb2JqZWN0c1gkdmVyc2lvblkkYXJjaGl2ZXLRBgdUcm9vdIABqAkKFRYXGyIjVSRudWxs0wsMDQ4RElpOUy5vYmplY3RzViRjbGFzc1dOUy5rZXlzog8QgASABoAHohMUgAKAA1lhbGlhc0RhdGFccmVsYXRpdmVQYXRo0hgMGRpXTlMuZGF0YU8RAhwAAAAAAhwAAgAADE1hY2ludG9zaCBIRAAAAAAAAAAAAAAAAAAAAMfUpeFIKwAAAHFkgx9Db25zdHJ1Y3RpbmcgUG9seW1vIzE2NUVCM0EucGRmAAAAAAAAAAAAAAAAAAAAAAAAAAAAAAAAAAAAAAAAAAABZes6zDbPXFBERiBDQVJPAAIABAAACSAAAAAAAAAAAAAAAAAAAAAFQWJvdHQAABAACAAAx9SX0QAAABEACAAAzDbBTAAAAAEAFABxZIMAGggWAAhLlwAIS4oAAJLzAAIAUk1hY2ludG9zaCBIRDpVc2VyczoAb3hyOgBEb2N1bWVudHM6AFBhcGVyczoAQWJvdHQ6AENvbnN0cnVjdGluZyBQb2x5bW8jMTY1RUIzQS5wZGYADgBqADQAQwBvAG4AcwB0AHIAdQBjAHQAaQBuAGcAIABQAG8AbAB5AG0AbwByAHAAaABpAGMAIABQAHIAbwBnAHIAYQBtAHMAIAB3AGkAdABoACAAUQB1AG8AdABpAGUAbgB0ADAALgBwAGQAZgAPABoADABNAGEAYwBpAG4AdABvAHMAaAAgAEgARAASAFVVc2Vycy9veHIvRG9jdW1lbnRzL1BhcGVycy9BYm90dC9Db25zdHJ1Y3RpbmcgUG9seW1vcnBoaWMgUHJvZ3JhbXMgd2l0aCBRdW90aWVudDAucGRmAAATAAEvAAAVAAIACv//AACABdIcHR4fWCRjbGFzc2VzWiRjbGFzc25hbWWjHyAhXU5TTXV0YWJsZURhdGFWTlNEYXRhWE5TT2JqZWN0XxBRLi4vLi4vRG9jdW1lbnRzL1BhcGVycy9BYm90dC9Db25zdHJ1Y3RpbmcgUG9seW1vcnBoaWMgUHJvZ3JhbXMgd2l0aCBRdW90aWVudDAucGRm0hwdJCWiJSFcTlNEaWN0aW9uYXJ5EgABhqBfEA9OU0tleWVkQXJjaGl2ZXIACAARABYAHwAoADIANQA6ADwARQBLAFIAXQBkAGwAbwBxAHMAdQB4AHoAfACGAJMAmACgAsACwgLHAtAC2wLfAu0C9AL9A1EDVgNZA2YDawAAAAAAAAIBAAAAAAAAACgAAAAAAAAAAAAAAAAAAAN9}}

@article{licataHarper:canonicity2d,
	Acmid = {2103697},
	Address = {New York, NY, USA},
	Author = {Licata, Daniel R. and Harper, Robert},
	Date-Added = {2012-07-26 09:18:04 +0000},
	Date-Modified = {2012-07-26 09:18:36 +0000},
	Doi = {10.1145/2103621.2103697},
	Issn = {0362-1340},
	Issue_Date = {January 2012},
	Journal = {SIGPLAN Not.},
	Keywords = {category theory, dependent types, homotopy type theory, type theory},
	Month = jan,
	Number = {1},
	Numpages = {12},
	Pages = {337--348},
	Publisher = {ACM},
	Title = {Canonicity for 2-dimensional type theory},
	Url = {http://doi.acm.org/10.1145/2103621.2103697},
	Volume = {47},
	Year = {2012},
	Bdsk-File-1 = {YnBsaXN0MDDUAQIDBAUIJidUJHRvcFgkb2JqZWN0c1gkdmVyc2lvblkkYXJjaGl2ZXLRBgdUcm9vdIABqAkKFRYXGyIjVSRudWxs0wsMDQ4RElpOUy5vYmplY3RzViRjbGFzc1dOUy5rZXlzog8QgASABoAHohMUgAKAA1lhbGlhc0RhdGFccmVsYXRpdmVQYXRo0hgMGRpXTlMuZGF0YU8RAgYAAAAAAgYAAgAADE1hY2ludG9zaCBIRAAAAAAAAAAAAAAAAAAAAMfUpeFIKwAAARqBcx9DYW5vbmljaXR5IGZvciAyLWRpIzE2NUU1MTkucGRmAAAAAAAAAAAAAAAAAAAAAAAAAAAAAAAAAAAAAAAAAAABZeUZzDbIWlBERiBDQVJPAAIABAAACSAAAAAAAAAAAAAAAAAAAAAGTGljYXRhABAACAAAx9SX0QAAABEACAAAzDa6SgAAAAEAFAEagXMAGggWAAhLlwAIS4oAAJLzAAIAU01hY2ludG9zaCBIRDpVc2VyczoAb3hyOgBEb2N1bWVudHM6AFBhcGVyczoATGljYXRhOgBDYW5vbmljaXR5IGZvciAyLWRpIzE2NUU1MTkucGRmAAAOAFoALABDAGEAbgBvAG4AaQBjAGkAdAB5ACAAZgBvAHIAIAAyAC0AZABpAG0AZQBuAHMAaQBvAG4AYQBsACAAdAB5AHAAZQAgAHQAaABlAG8AcgB5AC4AcABkAGYADwAaAAwATQBhAGMAaQBuAHQAbwBzAGgAIABIAEQAEgBOVXNlcnMvb3hyL0RvY3VtZW50cy9QYXBlcnMvTGljYXRhL0Nhbm9uaWNpdHkgZm9yIDItZGltZW5zaW9uYWwgdHlwZSB0aGVvcnkucGRmABMAAS8AABUAAgAK//8AAIAF0hwdHh9YJGNsYXNzZXNaJGNsYXNzbmFtZaMfICFdTlNNdXRhYmxlRGF0YVZOU0RhdGFYTlNPYmplY3RfEEouLi8uLi9Eb2N1bWVudHMvUGFwZXJzL0xpY2F0YS9DYW5vbmljaXR5IGZvciAyLWRpbWVuc2lvbmFsIHR5cGUgdGhlb3J5LnBkZtIcHSQloiUhXE5TRGljdGlvbmFyeRIAAYagXxAPTlNLZXllZEFyY2hpdmVyAAgAEQAWAB8AKAAyADUAOgA8AEUASwBSAF0AZABsAG8AcQBzAHUAeAB6AHwAhgCTAJgAoAKqAqwCsQK6AsUCyQLXAt4C5wM0AzkDPANJA04AAAAAAAACAQAAAAAAAAAoAAAAAAAAAAAAAAAAAAADYA==},
	Bdsk-Url-1 = {http://doi.acm.org/10.1145/2103621.2103697},
	Bdsk-Url-2 = {http://dx.doi.org/10.1145/2103621.2103697}}

@article{joyal02:quasicategories,
	Author = {Andre Joyal},
	Date-Added = {2012-07-26 08:55:34 +0000},
	Date-Modified = {2012-07-26 10:19:14 +0000},
	Doi = {10.1016/S0022-4049(02)00135-4},
	Issn = {0022-4049},
	Journal = {Journal of Pure and Applied Algebra},
	Number = {1},
	Pages = {207 - 222},
	Title = {Quasi-categories and Kan complexes},
	Url = {http://www.sciencedirect.com/science/article/pii/S0022404902001354},
	Volume = {175},
	Year = {2002},
	Bdsk-Url-1 = {http://www.sciencedirect.com/science/article/pii/S0022404902001354},
	Bdsk-Url-2 = {http://dx.doi.org/10.1016/S0022-4049(02)00135-4}}

@article{cheng:opetopicAndMultitopicFoundations,
	Author = {Eugenia Cheng},
	Date-Added = {2012-07-25 16:55:28 +0000},
	Date-Modified = {2012-07-25 16:55:28 +0000},
	Doi = {10.1016/S0022-4049(03)00139-7},
	Issn = {0022-4049},
	Journal = {Journal of Pure and Applied Algebra},
	Number = {2},
	Pages = {109 - 137},
	Title = {Weak n-categories: opetopic and multitopic foundations},
	Url = {http://www.sciencedirect.com/science/article/pii/S0022404903001397},
	Volume = {186},
	Year = {2004},
	Bdsk-Url-1 = {http://www.sciencedirect.com/science/article/pii/S0022404903001397},
	Bdsk-Url-2 = {http://dx.doi.org/10.1016/S0022-4049(03)00139-7}}

@article{cheng:comparingOperadicTheories,
	Author = {Eugenia Cheng},
	Date-Added = {2012-07-25 16:52:13 +0000},
	Date-Modified = {2012-07-26 10:26:15 +0000},
	Journal = {Homology, Homotopy, and Applications},
	Number = {2},
	Pages = {217-249},
	Title = {Comparing operadic theories of $n$-category},
	Volume = {13},
	Year = {2011}}

@article{leinster:survey,
	Abstract = {Many people have proposed definitions of `weak n-category'. Ten of them are presented here. Each definition is given in two pages, with a further two pages on what happens when $n\leq 2$. The definitions can be read independently. Chatty bibliography follows.},
	Author = {Tom Leinster},
	Date-Added = {2012-07-25 16:41:02 +0000},
	Date-Modified = {2012-07-25 16:41:02 +0000},
	Journal = {Theory and Applications of Categories},
	Keywords = {n-category, higher-dimensional category, higher categorical structure},
	Number = {1},
	Pages = {1-70},
	Title = {A survey of definitions of n-category},
	Volume = {10},
	Year = {2002}}

@electronic{trimble:tetracategories,
	Author = {Todd Trimble},
	Date-Added = {2012-07-25 16:27:03 +0000},
	Date-Modified = {2012-07-25 16:27:33 +0000},
	Title = {Notes on Tetracategories},
	Urldate = {http://math.ucr.edu/home/baez/trimble/tetracategories.html}}

@article{gordonPowerStreet:tricategories,
	Author = {Robert Gordon and John Power and Ross Street},
	Date-Added = {2012-07-25 16:24:39 +0000},
	Date-Modified = {2012-07-25 16:24:39 +0000},
	Journal = {Memoirs of the American Mathematical Society},
	Number = {558},
	Pages = {vi+81 pp.},
	Title = {Coherence for tricategories},
	Volume = {117},
	Year = {1995}}

@article{power:whyTricategories,
	Author = {A. J. Power},
	Date-Added = {2012-07-25 16:13:35 +0000},
	Date-Modified = {2012-07-25 16:13:45 +0000},
	Doi = {10.1006/inco.1995.1112},
	Issn = {0890-5401},
	Journal = {Information and Computation},
	Number = {2},
	Pages = {251--262},
	Title = {Why tricategories?},
	Volume = {120},
	Year = {1995},
	Bdsk-File-1 = {YnBsaXN0MDDUAQIDBAUIJidUJHRvcFgkb2JqZWN0c1gkdmVyc2lvblkkYXJjaGl2ZXLRBgdUcm9vdIABqAkKFRYXGyIjVSRudWxs0wsMDQ4RElpOUy5vYmplY3RzViRjbGFzc1dOUy5rZXlzog8QgASABoAHohMUgAKAA1lhbGlhc0RhdGFccmVsYXRpdmVQYXRo0hgMGRpXTlMuZGF0YU8RAa4AAAAAAa4AAgAADE1hY2ludG9zaCBIRAAAAAAAAAAAAAAAAAAAAMfUpeFIKwAAABoosBtwb3dlcjk0d2h5VHJpY2F0ZWdvcmllcy5wZGYAAAAAAAAAAAAAAAAAAAAAAAAAAAAAAAAAAAAAAAAAAAAAAAAAGii3yAX4FAAAAAAAAAAAAAIAAwAACSAAAAAAAAAAAAAAAAAAAAAFcG93ZXIAABAACAAAx9SX0QAAABEACAAAyAXqBAAAAAEAEAAaKLAAGiVhAAhLigAAkvMAAgBATWFjaW50b3NoIEhEOlVzZXJzOgBveHI6AGxpdDoAcG93ZXI6AHBvd2VyOTR3aHlUcmljYXRlZ29yaWVzLnBkZgAOADgAGwBwAG8AdwBlAHIAOQA0AHcAaAB5AFQAcgBpAGMAYQB0AGUAZwBvAHIAaQBlAHMALgBwAGQAZgAPABoADABNAGEAYwBpAG4AdABvAHMAaAAgAEgARAASAC9Vc2Vycy9veHIvbGl0L3Bvd2VyL3Bvd2VyOTR3aHlUcmljYXRlZ29yaWVzLnBkZgAAEwABLwAAFQACAAr//wAAgAXSHB0eH1gkY2xhc3Nlc1okY2xhc3NuYW1lox8gIV1OU011dGFibGVEYXRhVk5TRGF0YVhOU09iamVjdF8QKy4uLy4uL2xpdC9wb3dlci9wb3dlcjk0d2h5VHJpY2F0ZWdvcmllcy5wZGbSHB0kJaIlIVxOU0RpY3Rpb25hcnkSAAGGoF8QD05TS2V5ZWRBcmNoaXZlcgAIABEAFgAfACgAMgA1ADoAPABFAEsAUgBdAGQAbABvAHEAcwB1AHgAegB8AIYAkwCYAKACUgJUAlkCYgJtAnECfwKGAo8CvQLCAsUC0gLXAAAAAAAAAgEAAAAAAAAAKAAAAAAAAAAAAAAAAAAAAuk=}}

@phdthesis{Agda,
	Author = {Ulf Norell},
	Date-Added = {2012-07-25 16:04:49 +0000},
	Date-Modified = {2012-07-25 16:05:05 +0000},
	File = {:norell2007thesis.pdf:PDF},
	Owner = {csfnf},
	School = {Chalmers University of Technology},
	Timestamp = {2010.01.07},
	Title = {Towards a practical programming language based on dependent type theory},
	Year = {2007}}

@book{CoqArt,
	Author = {Bertot, Yves and Cast{\'e}ran, Pierre},
	Date-Added = {2012-07-25 15:59:00 +0000},
	Date-Modified = {2012-07-26 10:34:02 +0000},
	Publisher = {Springer},
	Series = {Texts in Theoretical Computer Science. An EATCS Series.},
	Title = {Interactive Theorem Proving and Program Development, Coq'Art: The Calculus of Inductive Constructions},
	Year = {2004}}

@book{abelKraus:lambda,
	Author = {Andreas Abel and Nicolai Kraus},
	Date-Added = {2012-07-25 15:27:01 +0000},
	Date-Modified = {2012-07-25 15:27:01 +0000},
	Title = {{A Lambda Term Representation Inspired by Linear Ordered Logic}},
	Url = {http://arxiv.org/abs/1111.0085},
	Year = {{2011}},
	Bdsk-Url-1 = {http://arxiv.org/abs/1111.0085}}

@misc{semantik,
	Author = {Andreas Abel and Ulrich Sch\"opp},
	Date-Added = {2012-07-25 15:27:01 +0000},
	Date-Modified = {2012-07-25 15:27:01 +0000},
	Owner = {nicolai},
	Timestamp = {2012.05.30},
	Title = {{Semantik von Programmiersprachen}}}

@unpublished{altenBride:towardsOTT,
	Author = {Altenkirch, T. and Mcbride, C.},
	Date-Added = {2012-07-25 15:27:01 +0000},
	Date-Modified = {2012-07-25 15:27:01 +0000},
	Keywords = {haskell, types},
	Title = {{Towards Observational Type Theory}},
	Url = {www.strictlypositive.org/ott.pdf},
	Bdsk-Url-1 = {www.strictlypositive.org/ott.pdf}}

@inproceedings{altenkirch:extSetoids,
	Author = {Thorsten Altenkirch},
	Booktitle = {In LICS 99},
	Date-Added = {2012-07-25 15:27:01 +0000},
	Date-Modified = {2012-07-26 10:13:09 +0000},
	Pages = {412--420},
	Publisher = {IEEE Computer Society Press},
	Title = {Extensional Equality in Intensional Type Theory},
	Url = {www.cs.nott.ac.uk/~txa/publ/lics99.pdf},
	Year = {1999},
	Bdsk-File-1 = {YnBsaXN0MDDUAQIDBAUIJidUJHRvcFgkb2JqZWN0c1gkdmVyc2lvblkkYXJjaGl2ZXLRBgdUcm9vdIABqAkKFRYXGyIjVSRudWxs0wsMDQ4RElpOUy5vYmplY3RzViRjbGFzc1dOUy5rZXlzog8QgASABoAHohMUgAKAA1lhbGlhc0RhdGFccmVsYXRpdmVQYXRo0hgMGRpXTlMuZGF0YU8RAbwAAAAAAbwAAgAADE1hY2ludG9zaCBIRAAAAAAAAAAAAAAAAAAAAMmnh09IKwAAAGdm2RlhbHRlbmtpcmNoX2V4dFNldG9pZHMucGRmAAAAAAAAAAAAAAAAAAAAAAAAAAAAAAAAAAAAAAAAAAAAAAAAAAAAZ2beyvUwYwAAAAAAAAAAAAEAAwAACSAAAAAAAAAAAAAAAAAAAAAHc291cmNlcwAAEAAIAADJp4dPAAAAEQAIAADK9TBjAAAAAQAQAGdm2QBnY1UACGZoAACYOQACAEZNYWNpbnRvc2ggSEQ6VXNlcnM6bmljb2xhaWtyYXVzOnN5bmM6c291cmNlczphbHRlbmtpcmNoX2V4dFNldG9pZHMucGRmAA4ANAAZAGEAbAB0AGUAbgBrAGkAcgBjAGgAXwBlAHgAdABTAGUAdABvAGkAZABzAC4AcABkAGYADwAaAAwATQBhAGMAaQBuAHQAbwBzAGgAIABIAEQAEgA5VXNlcnMvbmljb2xhaWtyYXVzL3N5bmMvc291cmNlcy9hbHRlbmtpcmNoX2V4dFNldG9pZHMucGRmAAATAAEvAAAVAAIAE///AACABdIcHR4fWCRjbGFzc2VzWiRjbGFzc25hbWWjHyAhXU5TTXV0YWJsZURhdGFWTlNEYXRhWE5TT2JqZWN0XxAhc291cmNlcy9hbHRlbmtpcmNoX2V4dFNldG9pZHMucGRm0hwdJCWiJSFcTlNEaWN0aW9uYXJ5EgABhqBfEA9OU0tleWVkQXJjaGl2ZXIACAARABYAHwAoADIANQA6ADwARQBLAFIAXQBkAGwAbwBxAHMAdQB4AHoAfACGAJMAmACgAmACYgJnAnACewJ/Ao0ClAKdAsECxgLJAtYC2wAAAAAAAAIBAAAAAAAAACgAAAAAAAAAAAAAAAAAAALt},
	Bdsk-Url-1 = {www.cs.nott.ac.uk/~txa/publ/lics99.pdf}}

@misc{altenRypacek:weakOmegaGrp,
	Author = {Thorsten Altenkirch and Ondrej Rypacek},
	Date-Added = {2012-07-25 15:27:01 +0000},
	Date-Modified = {2012-07-25 15:27:01 +0000},
	Title = {A syntactical approach to weak omega groupoids},
	Year = {2012}}

@other{altenkirch:history,
	Author = {Thorsten Altenkirch},
	Date-Added = {2012-07-25 15:27:01 +0000},
	Date-Modified = {2012-07-25 15:27:01 +0000},
	Owner = {nicolai},
	Timestamp = {2012.05.30},
	Title = {A short history of equality (talk)},
	Type = {talk}}

@other{altenkirchCoquand:towardsHDTT,
	Author = {Thorsten Altenkirch and Thierry Coquand},
	Date-Added = {2012-07-25 15:27:01 +0000},
	Date-Modified = {2012-07-25 15:27:01 +0000},
	Title = {Towards higher dimensional Type Theory (talk)},
	Type = {talk}}

@unpublished{liAltenAmb:defQuo,
	Author = {Thorsten Altenkirch and Thomas Anberr{\'e}e and Nuo Li},
	Date-Added = {2012-07-25 15:27:01 +0000},
	Date-Modified = {2012-07-25 15:27:01 +0000},
	Title = {{Definable Quotients in Type Theory}}}

@inproceedings{arndtKapulkin:HTmodelsOfTT,
	Acmid = {2021962},
	Address = {Berlin, Heidelberg},
	Author = {Arndt, Peter and Kapulkin, Krzysztof},
	Booktitle = {Proceedings of the 10th international conference on Typed lambda calculi and applications},
	Date-Added = {2012-07-25 15:27:01 +0000},
	Date-Modified = {2012-07-25 15:27:01 +0000},
	Isbn = {978-3-642-21690-9},
	Location = {Novi Sad, Serbia},
	Numpages = {16},
	Owner = {nicolai},
	Pages = {45--60},
	Publisher = {Springer-Verlag},
	Series = {TLCA'11},
	Timestamp = {2012.05.30},
	Title = {Homotopy-theoretic models of type theory},
	Year = {2011}}

@misc{awodeyHofstraWarren:martinLoefComplexes,
	Author = {S. Awodey and P. Hofstra and M. A. Warren},
	Date-Added = {2012-07-25 15:27:01 +0000},
	Date-Modified = {2012-07-25 15:27:01 +0000},
	Title = {Martin-L\"of Complexes},
	Url = {http://arxiv.org/abs/0906.4521},
	Year = {2009},
	Bdsk-Url-1 = {http://arxiv.org/abs/0906.4521}}

@misc{awodeyBauer:bracketTypes,
	Author = {Steve Awodey and Andrej Bauer},
	Date-Added = {2012-07-25 15:27:01 +0000},
	Date-Modified = {2012-07-25 15:27:01 +0000},
	Title = {Propositions as [Types]},
	Year = {2001}}

@book{awodey:CT,
	Author = {Awodey, Steve},
	Date-Added = {2012-07-25 15:27:01 +0000},
	Date-Modified = {2012-07-25 15:27:01 +0000},
	Howpublished = {Hardcover},
	Isbn = {0198568614},
	Keywords = {category-theory, monad, representability},
	Title = {{Category Theory}},
	Url = {http://www.amazon.com/exec/obidos/redirect?tag=citeulike07-20\&path=ASIN/0198568614},
	Year = {2006},
	Bdsk-Url-1 = {http://www.amazon.com/exec/obidos/redirect?tag=citeulike07-20%5C&path=ASIN/0198568614}}

@techreport{awodeyWarren:HTmodelsOfIT,
	Author = {Awodey, Steve and Warren, Michael A},
	Date-Added = {2012-07-25 15:27:01 +0000},
	Date-Modified = {2012-07-25 15:27:01 +0000},
	Month = {Sep},
	Number = {arXiv:0709.0248},
	Owner = {nicolai},
	Timestamp = {2012.05.30},
	Title = {Homotopy theoretic models of identity types},
	Totalpages = {11},
	Url = {http://arxiv.org/abs/arxiv:0709.0248},
	Year = {2007},
	Bdsk-Url-1 = {http://arxiv.org/abs/arxiv:0709.0248}}

@article{awodeyGamSoja:indTypesInHTT,
	Author = {Steve Awodey and Nicola Gambino and Kristina Sojakova},
	Date-Added = {2012-07-25 15:27:01 +0000},
	Date-Modified = {2012-07-25 15:27:01 +0000},
	Title = {{Inductive types in homotopy type theory}},
	Url = {http://arxiv.org/abs/1201.3898},
	Bdsk-Url-1 = {http://arxiv.org/abs/1201.3898}}

@techreport{bergGarner:typesAreWeakOG,
	Author = {Berg, Benno van den and Garner, Richard},
	Date-Added = {2012-07-25 15:27:01 +0000},
	Date-Modified = {2012-07-26 10:21:48 +0000},
	Month = {Dec},
	Owner = {nicolai},
	Timestamp = {2012.05.30},
	Title = {Types are weak omega-groupoids},
	Totalpages = {28},
	Url = {http://arxiv.org/abs/arXiv:0812.0298},
	Year = {2008},
	Bdsk-Url-1 = {http://arxiv.org/abs/arXiv:0812.0298}}

@techreport{bergGarner:topAndSimplicial,
	Author = {Berg, Benno van den and Garner, Richard},
	Date-Added = {2012-07-25 15:27:01 +0000},
	Date-Modified = {2012-07-25 15:27:01 +0000},
	File = {sources/bergGarner_topAndSimplicial.pdf::PDF},
	Month = {Jul},
	Number = {arXiv:1007.4638},
	Pagetotal = {47},
	Title = {Topological and simplicial models of identity types},
	Url = {http://arxiv.org/abs/1007.4638},
	Year = {2010},
	Bdsk-Url-1 = {http://arxiv.org/abs/1007.4638}}

@article{bousfield:wfs,
	Author = {Aldridge Bousfield},
	Date-Added = {2012-07-25 15:27:01 +0000},
	Date-Modified = {2012-07-25 15:27:01 +0000},
	Journal = {Journal of Pure and Applied Algebra 9 (1977)},
	No = {2-3},
	Pages = {207-220},
	Title = {Constructions of factorization systems in categories}}

@article{chengLauda:guidebook,
	Author = {Cheng, Eugenia and Lauda, Aaron},
	Date-Added = {2012-07-25 15:27:01 +0000},
	Date-Modified = {2012-07-26 10:29:33 +0000},
	Day = {19},
	Keywords = {category-theory},
	Month = aug,
	Organization = {IMA},
	Posted-At = {2006-06-08 20:51:52},
	Priority = {2},
	Publisher = {University of Cambridge},
	Title = {{Higher Dimensional Categories: an illustrated guide book}},
	Url = {http://cheng.staff.shef.ac.uk/guidebook/index.html},
	Year = {2004},
	Bdsk-Url-1 = {http://cheng.staff.shef.ac.uk/guidebook/index.html}}

@misc{coqHuber:conKan,
	Author = {Thierry Coquand and Simon Huber},
	Date-Added = {2012-07-25 15:27:01 +0000},
	Date-Modified = {2012-07-25 15:27:01 +0000},
	Title = {Constructive Kan Fibrations}}

@misc{coqHuber:conKanTalk,
	Author = {Thierry Coquand and Simon Huber},
	Date-Added = {2012-07-25 15:27:01 +0000},
	Date-Modified = {2012-07-25 15:27:01 +0000},
	Title = {Constructive Kan Fibrations (talk)}}

@article{curien:substUpToIso,
	Acmid = {175471},
	Address = {Amsterdam, The Netherlands, The Netherlands},
	Author = {Curien, P.-L.},
	Date-Added = {2012-07-25 15:27:01 +0000},
	Date-Modified = {2012-07-25 15:27:01 +0000},
	Issn = {0169-2968},
	Issue_Date = {Sept./Oct. 1993},
	Journal = {Fundam. Inf.},
	Month = sep,
	Number = {1-2},
	Numpages = {35},
	Pages = {51--85},
	Publisher = {IOS Press},
	Title = {Substitution up to isomorphism},
	Url = {http://dl.acm.org/citation.cfm?id=175469.175471},
	Volume = {19},
	Year = {1993},
	Bdsk-Url-1 = {http://dl.acm.org/citation.cfm?id=175469.175471}}

@other{chalmers:equality,
	Author = {Nils Anders Danielsson},
	Date-Added = {2012-07-25 15:27:01 +0000},
	Date-Modified = {2012-07-25 15:27:01 +0000},
	Owner = {nicolai},
	Timestamp = {2012.05.30},
	Title = {Chalmers: Equality},
	Url = {http://www.cse.chalmers.se/~nad/listings/equality/README.html},
	Bdsk-Url-1 = {http://www.cse.chalmers.se/~nad/listings/equality/README.html}}

@article{dwyerSpalinski:HTandMC,
	Author = {Dwyer and Spalinski},
	Date-Added = {2012-07-25 15:27:01 +0000},
	Date-Modified = {2012-07-25 15:27:01 +0000},
	Title = {{Homotopy Theories and Model Categories}},
	Url = {folk.uio.no/paularne/SUPh05},
	Bdsk-Url-1 = {folk.uio.no/paularne/SUPh05}}

@misc{hott:blog,
	Author = {Steve Awodey et.al.},
	Date-Added = {2012-07-25 15:27:01 +0000},
	Date-Modified = {2012-07-25 15:27:01 +0000},
	Title = {HOTT (Blog about homotopy type theory)},
	Url = {http://homotopytypetheory.org/},
	Bdsk-Url-1 = {http://homotopytypetheory.org/}}

@article{friedman:simplicialSets,
	Author = {Greg Friedman},
	Date-Added = {2012-07-25 15:27:01 +0000},
	Date-Modified = {2012-07-25 15:27:01 +0000},
	Title = {An elementary illustrated introduction to simplicial sets},
	Url = {http://arxiv.org/abs/0809.4221},
	Year = {2008},
	Bdsk-Url-1 = {http://arxiv.org/abs/0809.4221}}

@article{gambinoGarner:ITwfs,
	Acmid = {1458922},
	Address = {Essex, UK},
	Author = {Gambino, Nicola and Garner, Richard},
	Date-Added = {2012-07-25 15:27:01 +0000},
	Date-Modified = {2012-07-25 15:27:01 +0000},
	Doi = {10.1016/j.tcs.2008.08.030},
	Issn = {0304-3975},
	Issue = {1},
	Journal = {Theor. Comput. Sci.},
	Keywords = {Dependent type theory, Identity type, Weak factorisation system},
	Month = {December},
	Numpages = {16},
	Owner = {nicolai},
	Pages = {94--109},
	Publisher = {Elsevier Science Publishers Ltd.},
	Timestamp = {2012.05.30},
	Title = {The identity type weak factorisation system},
	Url = {http://www.comp.mq.edu.au/~rgarner/Idtype/Idtype.html},
	Volume = {409},
	Year = {2008},
	Bdsk-Url-1 = {http://www.comp.mq.edu.au/~rgarner/Idtype/Idtype.html},
	Bdsk-Url-2 = {http://dx.doi.org/10.1016/j.tcs.2008.08.030}}

@misc{oberwolfachReport,
	Author = {Richard Garner},
	Date-Added = {2012-07-25 15:27:01 +0000},
	Date-Modified = {2012-07-25 15:27:01 +0000},
	Doi = {10.4171/OWR/2011/11},
	Owner = {nicolai},
	Timestamp = {2012.05.30},
	Title = {Mini-Workshop:The Homotopy Interpretation of Constructive Type Theory},
	Url = {http://www.mfo.de/occasion/1109a/www_view},
	Bdsk-Url-1 = {http://www.mfo.de/occasion/1109a/www_view},
	Bdsk-Url-2 = {http://dx.doi.org/10.4171/OWR/2011/11}}

@book{hatcher:AT,
	Abstract = {{In most major universities one of the three or four basic first-year
	graduate mathematics courses is algebraic topology. This introductory
	text is suitable for use in a course on the subject or for self-study,
	featuring broad coverage and a readable exposition, with many examples
	and exercises. The four main chapters present the basics: fundamental
	group and covering spaces, homology and cohomology, higher homotopy
	groups, and homotopy theory generally. The author emphasizes the
	geometric aspects of the subject, which helps students gain intuition.
	A unique feature is the inclusion of many optional topics not usually
	part of a first course due to time constraints: Bockstein and transfer
	homomorphisms, direct and inverse limits, H-spaces and Hopf algebras,
	the Brown representability theorem, the James reduced product, the
	Dold-Thom theorem, and Steenrod squares and powers.}},
	Author = {Hatcher, Allen},
	Date-Added = {2012-07-25 15:27:01 +0000},
	Date-Modified = {2012-07-25 15:27:01 +0000},
	Day = {03},
	Edition = {1},
	Howpublished = {Paperback},
	Isbn = {0521795400},
	Keywords = {topology},
	Month = dec,
	Posted-At = {2008-06-25 09:53:39},
	Priority = {2},
	Publisher = {Cambridge University Press},
	Title = {{Algebraic Topology}},
	Url = {http://www.math.cornell.edu/~hatcher/},
	Year = {2001},
	Bdsk-Url-1 = {http://www.math.cornell.edu/~hatcher/}}

@article{hedberg:coherence,
	Author = {Michael Hedberg},
	Date-Added = {2012-07-25 15:27:01 +0000},
	Date-Modified = {2012-07-25 15:27:01 +0000},
	Journal = {J. Functional Programming},
	Pages = {4--8},
	Title = {A coherence theorem for Martin-L{\"o}f's type theory},
	Url = {http://www.andrew.cmu.edu/user/awodey/hott/papers/hedberg.pdf},
	Year = {1998},
	Bdsk-Url-1 = {http://www.andrew.cmu.edu/user/awodey/hott/papers/hedberg.pdf}}

@book{HindleySeldin:lambdaAndCombinators,
	Author = {Hindley, J. R. and Seldin, J. P.},
	Date-Added = {2012-07-25 15:27:01 +0000},
	Date-Modified = {2012-07-25 15:27:01 +0000},
	Publisher = {Cambridge University Press},
	Title = {{Introduction to Combinators and \$\\lambda\$-Calculus}},
	Year = {1987}}

@inproceedings{hofmann:TTinLCCC,
	Author = {Martin Hofmann},
	Booktitle = {Proceedings of Computer Science Logic, Lecture Notes in Computer Science},
	Date-Added = {2012-07-25 15:27:01 +0000},
	Date-Modified = {2012-07-25 15:27:01 +0000},
	Pages = {427--441},
	Publisher = {Springer},
	Title = {On the Interpretation of Type Theory in Locally Cartesian Closed Categories},
	Url = {www.dcs.ed.ac.uk/home/mxh/csl94.ps.gz},
	Year = {1994},
	Bdsk-Url-1 = {www.dcs.ed.ac.uk/home/mxh/csl94.ps.gz}}

@inproceedings{hofmann:conservativity,
	Author = {Martin Hofmann},
	Booktitle = {Types for Proofs and Programs, International Workshop TYPES 95, Torino, Italy, June 5-8, 1995, Selected Papers},
	Citedby = {0},
	Cites = {0},
	Date-Added = {2012-07-25 15:27:01 +0000},
	Date-Modified = {2012-07-25 15:27:01 +0000},
	Doi = {http://dx.doi.org/10.1007/3-540-61780-9_68},
	Editor = {Stefano Berardi and Mario Coppo},
	Isbn = {3-540-61780-9},
	Pages = {153-164},
	Publisher = {Springer},
	Researchr = {http://researchr.org/publication/Hofmann95%3A1},
	Series = {Lecture Notes in Computer Science},
	Tags = {reflection, type theory},
	Title = {Conservativity of Equality Reflection over Intensional Type Theory},
	Volume = {1158},
	Year = {1995},
	Bdsk-Url-1 = {http://dx.doi.org/10.1007/3-540-61780-9_68}}

@inproceedings{hofmannStreicher:groupoids,
	Author = {Martin Hofmann and Thomas Streicher},
	Booktitle = {In Venice Festschrift},
	Date-Added = {2012-07-25 15:27:01 +0000},
	Date-Modified = {2012-07-26 10:30:16 +0000},
	Owner = {nicolai},
	Pages = {83--111},
	Publisher = {Oxford University Press},
	Timestamp = {2012.05.30},
	Title = {The Groupoid Interpretation of Type Theory},
	Url = {www.mathematik.tu-darmstadt.de/~streicher/venedig.ps.gz},
	Year = {1996},
	Bdsk-Url-1 = {www.mathematik.tu-darmstadt.de/~streicher/venedig.ps.gz}}

@inproceedings{hofmann:syntaxSemantics,
	Author = {Martin Hofmann},
	Booktitle = {Semantics and Logics of Computation},
	Date-Added = {2012-07-25 15:27:01 +0000},
	Date-Modified = {2012-07-25 15:27:01 +0000},
	Pages = {79--130},
	Publisher = {Cambridge University Press},
	Title = {Syntax and Semantics of Dependent Types},
	Url = {http://citeseerx.ist.psu.edu/viewdoc/download?doi=10.1.1.36.8985&rep=rep1&type=pdf},
	Year = {1997},
	Bdsk-Url-1 = {http://citeseerx.ist.psu.edu/viewdoc/download?doi=10.1.1.36.8985&rep=rep1&type=pdf}}

@misc{hofmStr:liftingGrothenU,
	Author = {Martin Hofmann and Thomas Streicher},
	Date-Added = {2012-07-25 15:27:01 +0000},
	Date-Modified = {2012-07-25 15:27:01 +0000},
	Title = {Lifting Grothendieck Universes}}

@misc{joyalTierney:simplHT,
	Author = {A. Joyal and M. Tierney},
	Date-Added = {2012-07-25 15:27:01 +0000},
	Date-Modified = {2012-07-25 15:27:01 +0000},
	Owner = {nicolai},
	Timestamp = {2012.05.30},
	Title = {Notes on simplicial homotopy theory},
	Url = {www.crm.cat/HigherCategories/tierney.pdf},
	Bdsk-Url-1 = {www.crm.cat/HigherCategories/tierney.pdf}}

@misc{koeppe:homotopy,
	Author = {Thomas K\"oppe},
	Date-Added = {2012-07-25 15:27:01 +0000},
	Date-Modified = {2012-07-25 15:27:01 +0000},
	Title = {Basic homotopy theory},
	Url = {www.maths.ed.ac.uk/~s0571100/Homotopy.pdf},
	Bdsk-Url-1 = {www.maths.ed.ac.uk/~s0571100/Homotopy.pdf}}

@other{kapulkin:talkPiAndSigma,
	Author = {Chris Kapulkin},
	Date-Added = {2012-07-25 15:27:01 +0000},
	Date-Modified = {2012-07-25 15:27:01 +0000},
	Title = {$\Pi$- and $\Sigma$-types in homotopy theoretic models of type theory (talk)},
	Type = {talk}}

@other{kapulkin:master,
	Author = {Kapulkin, Krzysztof},
	Date-Added = {2012-07-25 15:27:01 +0000},
	Date-Modified = {2012-07-25 15:27:01 +0000},
	Owner = {nicolai},
	Timestamp = {2012.05.30},
	Title = {Homotopy-theoretic models of type theory (master thesis)}}

@article{kockJoyalBataninMascari:polyOpetopes,
	Author = {Joachim Kock and Andre Joyal and Michael Batanin and Jean-Francois Mascari},
	Date-Added = {2012-07-25 15:27:01 +0000},
	Date-Modified = {2012-07-25 15:37:04 +0000},
	Journal = {ADV.MATH.},
	Pages = {2690},
	Title = {Polynomial functors and opetopes},
	Url = {http://mat.uab.es/~kock/cat/zoom.html},
	Volume = {224},
	Year = {2010},
	Bdsk-Url-1 = {http://mat.uab.es/~kock/cat/zoom.html}}

@other{kraus:away2012,
	Author = {Nicolai Kraus},
	Date-Added = {2012-07-25 15:27:01 +0000},
	Date-Modified = {2012-07-25 15:27:01 +0000},
	Owner = {nicolai},
	Timestamp = {2012.05.30},
	Title = {On Hedberg's theorem: Proving and Painting},
	Type = {talk},
	Url = {red.cs.nott.ac.uk/~ngk/away2012_nicolai.pdf},
	Bdsk-Url-1 = {red.cs.nott.ac.uk/~ngk/away2012_nicolai.pdf}}

@book{lambekScott:catLogic,
	Address = {{New York, NY, USA}},
	Author = {Lambek, J. and Scott, P. J.},
	Date-Added = {2012-07-25 15:27:01 +0000},
	Date-Modified = {2012-07-25 15:27:01 +0000},
	Interhash = {8cb89026d8f0a3761a02b6532fc48c26},
	Intrahash = {9662617f31b6a599a248142373a538c1},
	Isbn = {{0-521-35653-9}},
	Keywords = {imported},
	Publisher = {{Cambridge University Press}},
	Timestamp = {2010-08-25T08:47:38.000+0200},
	Title = {{Introduction to higher order categorical logic}},
	Year = {{1988}}}

@misc{licata:kidding,
	Author = {Dan Licata},
	Date-Added = {2012-07-25 15:27:01 +0000},
	Date-Modified = {2012-07-25 15:27:01 +0000},
	Owner = {nicolai},
	Timestamp = {2012.05.30},
	Title = {Just Kidding: Understanding Identity Elimination in Homotopy Type Theory},
	Url = {http://homotopytypetheory.org/2011/04/10/just-kidding-understanding-identity-elimination-in-homotopy-type-theory/},
	Bdsk-Url-1 = {http://homotopytypetheory.org/2011/04/10/just-kidding-understanding-identity-elimination-in-homotopy-type-theory/}}

@misc{bauerLums:univalenceImpliesExt,
	Author = {Andrej Bauerand Peter LeFanu Lumsdaine},
	Date-Added = {2012-07-25 15:27:01 +0000},
	Date-Modified = {2012-07-25 15:27:01 +0000},
	Owner = {nicolai},
	Timestamp = {2012.05.30},
	Title = {A Coq proof that Univalence Axioms implies Functional Extensionality},
	Url = {https://github.com/andrejbauer/Homotopy/raw/master/OberwolfachTutorial/univalence.pdf},
	Bdsk-Url-1 = {https://github.com/andrejbauer/Homotopy/raw/master/OberwolfachTutorial/univalence.pdf}}

@inproceedings{lumsdaine:omegaCatsFromTT,
	Acmid = {1575621},
	Address = {Berlin, Heidelberg},
	Author = {Lumsdaine, Peter Lefanu},
	Booktitle = {Proceedings of the 9th International Conference on Typed Lambda Calculi and Applications},
	Date-Added = {2012-07-25 15:27:01 +0000},
	Date-Modified = {2012-07-26 10:30:54 +0000},
	Isbn = {978-3-642-02272-2},
	Location = {Brasilia, Brazil},
	Numpages = {16},
	Owner = {nicolai},
	Pages = {172--187},
	Publisher = {Springer-Verlag},
	Series = {TLCA '09},
	Timestamp = {2012.05.30},
	Title = {Weak omega-Categories from Intensional Type Theory},
	Url = {http://dx.doi.org/10.1007/978-3-642-02273-9_14},
	Year = {2009},
	Bdsk-Url-1 = {http://dx.doi.org/10.1007/978-3-642-02273-9_14}}

@misc{lums:HIThott,
	Author = {Peter LeFanu Lumsdaine},
	Date-Added = {2012-07-25 15:27:01 +0000},
	Date-Modified = {2012-07-25 15:27:01 +0000},
	Owner = {nicolai},
	Timestamp = {2012.05.30},
	Title = {Higher Inductive Types: a tour of the menagerie},
	Url = {http://homotopytypetheory.org/2011/04/24/higher-inductive-types-a-tour-of-the-menagerie},
	Bdsk-Url-1 = {http://homotopytypetheory.org/2011/04/24/higher-inductive-types-a-tour-of-the-menagerie}}

@article{lumsdaine:modelStructuresFromIT,
	Author = {Peter LeFanu Lumsdaine},
	Date-Added = {2012-07-25 15:27:01 +0000},
	Date-Modified = {2012-07-25 15:38:04 +0000},
	Title = {Model Structures from Higher Inductive Types},
	Url = {http://www.mathstat.dal.ca/~p.l.lumsdaine/research/Lumsdaine-Model-strux-from-HITs.pdf},
	Bdsk-Url-1 = {http://www.mathstat.dal.ca/~p.l.lumsdaine/research/Lumsdaine-Model-strux-from-HITs.pdf}}

@other{lumsdaine:phd,
	Acmid = {1575621},
	Address = {Berlin, Heidelberg},
	Author = {Lumsdaine, Peter Lefanu},
	Date-Added = {2012-07-25 15:27:01 +0000},
	Date-Modified = {2012-07-25 15:27:01 +0000},
	Doi = {10.1007/978-3-642-02273-9_14},
	Owner = {nicolai},
	Publisher = {Springer-Verlag},
	Timestamp = {2012.05.30},
	Title = {Higher Categories from Type Theories (PhD thesis)},
	Url = {www.andrew.cmu.edu/user/awodey/students/lumsdaine.pdf},
	Bdsk-Url-1 = {www.andrew.cmu.edu/user/awodey/students/lumsdaine.pdf},
	Bdsk-Url-2 = {http://dx.doi.org/10.1007/978-3-642-02273-9_14}}

@book{Lurie:higherToposTheory,
	Address = {Princeton},
	Author = {Lurie, Jacob},
	Date-Added = {2012-07-25 15:27:01 +0000},
	Date-Modified = {2012-07-25 15:27:01 +0000},
	Publisher = {Princeton University Press},
	Series = {Annals of Mathematics Studies},
	Title = {Higher Topos Theory},
	Url = {http://arxiv.org/abs/math/0608040},
	Year = {2009},
	Bdsk-Url-1 = {http://arxiv.org/abs/math/0608040}}

@unpublished{hovey:modelCats,
	Author = {{Mark Hovey}},
	Date-Added = {2012-07-25 15:27:01 +0000},
	Date-Modified = {2012-07-25 15:27:01 +0000},
	Owner = {nicolai},
	Timestamp = {2012.05.30},
	Title = {{Model Categories}},
	Url = {http://www.math.tamu.edu/~plfilho/wk-seminar/Hovey_book.ps},
	Year = {2000},
	Bdsk-Url-1 = {http://www.math.tamu.edu/~plfilho/wk-seminar/Hovey_book.ps}}

@techreport{martinLoef:ITT,
	Added-At = {2010-08-25T08:47:38.000+0200},
	Author = {Martin-L\"{o}f, Per},
	Biburl = {http://www.bibsonomy.org/bibtex/2f2b7dc8b6485b53839d8804456cf0871/miguel.pagano},
	Citeulike-Article-Id = {{3401321}},
	Date-Added = {2012-07-25 15:27:01 +0000},
	Date-Modified = {2012-07-25 15:27:01 +0000},
	Interhash = {c3b89a0ccda649a7055c9e371cf23479},
	Intrahash = {f2b7dc8b6485b53839d8804456cf0871},
	Keywords = {{type-theory}},
	Owner = {nicolai},
	Printed = {{TT}},
	Publisher = {{University of Stockholm}},
	Timestamp = {2010-08-25T08:47:38.000+0200},
	Title = {{An Intuitionistic Theory of Types}},
	Year = {{1972}}}

@book{martinLoef:tt,
	Address = {Naples},
	Author = {Martin-L\"{o}f, Per},
	Citeulike-Article-Id = {2425748},
	Citeulike-Linkout-0 = {http://www.ams.org/mathscinet-getitem?mr=769301},
	Date-Added = {2012-07-25 15:27:01 +0000},
	Date-Modified = {2012-07-25 15:27:01 +0000},
	Keywords = {type-theory},
	Mrnumber = {MR769301},
	Owner = {nicolai},
	Posted-At = {2009-07-14 22:36:04},
	Priority = {2},
	Publisher = {Bibliopolis},
	Series = {Studies in Proof Theory},
	Timestamp = {2012.05.30},
	Title = {{Intuitionistic type theory}},
	Url = {http://www.ams.org/mathscinet-getitem?mr=769301},
	Volume = {1},
	Year = {1984},
	Bdsk-Url-1 = {http://www.ams.org/mathscinet-getitem?mr=769301}}

@article{martinLoef:ITTpred,
	Author = {Martin-L\"of, Per},
	Date-Added = {2012-07-25 15:27:01 +0000},
	Date-Modified = {2012-07-25 15:27:01 +0000},
	Doi = {10.2307/2274116},
	Issn = {00224812},
	Journal = {The Journal of Symbolic Logic},
	Keywords = {gadt},
	Month = mar,
	Number = {1},
	Owner = {nicolai},
	Pages = {311+},
	Posted-At = {2010-11-02 15:08:25},
	Priority = {2},
	Timestamp = {2012.05.30},
	Title = {{An Intuitionistic Theory of Types: Predicative Part.}},
	Url = {http://dx.doi.org/10.2307/2274116},
	Volume = {49},
	Year = {1984},
	Bdsk-Url-1 = {http://dx.doi.org/10.2307/2274116}}

@book{may:simplicialObjectsInAT,
	Author = {May, J. Peter},
	Citeulike-Article-Id = {120188},
	Date-Added = {2012-07-25 15:27:01 +0000},
	Date-Modified = {2012-07-25 15:27:01 +0000},
	Keywords = {bibtex-import},
	Posted-At = {2005-03-10 21:23:30},
	Priority = {3},
	Publisher = {D. Van Nostrand Co., Inc., Princeton, N.J.-Toronto, Ont.-London},
	Series = {Van Nostrand Mathematical Studies, No. 11},
	Title = {{Simplicial objects in algebraic topology}},
	Year = {1967}}

@phdthesis{mcbride:thesis,
	Author = {Conor McBride},
	Date-Added = {2012-07-25 15:27:01 +0000},
	Date-Modified = {2012-07-25 15:27:01 +0000},
	Owner = {nicolai},
	School = {University of Edinburgh},
	Timestamp = {2012.05.30},
	Title = {Dependently {T}yped {F}unctional {P}rograms and their {P}roofs},
	Url = {http://www.lfcs.informatics.ed.ac.uk/reports/00/ECS-LFCS-00-419/},
	Year = {1999},
	Bdsk-Url-1 = {http://www.lfcs.informatics.ed.ac.uk/reports/00/ECS-LFCS-00-419/}}

@article{kapulkinMoerdijk:modelCats,
	Author = {Ieke Moerdijk},
	Date-Added = {2012-07-25 15:27:01 +0000},
	Date-Modified = {2012-07-25 15:27:01 +0000},
	Title = {{Introduction to Quillen Model Categories}},
	Url = {http://www.pitt.edu/~krk56/http://www.pitt.edu/~krk56/intro_model_cats.pdf},
	Bdsk-Url-1 = {http://www.pitt.edu/~krk56/http://www.pitt.edu/~krk56/intro_model_cats.pdf}}

@article{kapulkinMoerdijk:univInSSet,
	Author = {Ieke Moerdijk},
	Date-Added = {2012-07-25 15:27:01 +0000},
	Date-Modified = {2012-07-25 15:27:01 +0000},
	Title = {{Fibre Bundles and Univalence}},
	Url = {http://www.pitt.edu/~krk56/fiber_bundles_univalence.pdf},
	Bdsk-Url-1 = {http://www.pitt.edu/~krk56/fiber_bundles_univalence.pdf}}

@book{goerssJardine:simplicialHT,
	Author = {{P.G. Goerss and J.F. Jardine}},
	Date-Added = {2012-07-25 15:27:01 +0000},
	Date-Modified = {2012-07-25 15:27:01 +0000},
	Owner = {nicolai},
	Timestamp = {2012.05.30},
	Title = {{Simplicial Homotopy Theory}},
	Url = {http://www.math.uiuc.edu/K-theory/0148/},
	Bdsk-Url-1 = {http://www.math.uiuc.edu/K-theory/0148/}}

@misc{Palmgren:GrpLocalCartesianClosure,
	Author = {Erik Palmgren},
	Date-Added = {2012-07-25 15:27:01 +0000},
	Date-Modified = {2012-07-25 15:27:01 +0000},
	Owner = {nicolai},
	Timestamp = {2012.05.30},
	Title = {Groupoids and Local Cartesian Closure},
	Url = {www2.math.uu.se/~palmgren/gpdlcc.pdf},
	Year = {2003},
	Bdsk-Url-1 = {www2.math.uu.se/~palmgren/gpdlcc.pdf}}

@book{quillen:homotopicalAlgebra,
	Author = {Quillen, D. G.},
	Date-Added = {2012-07-25 15:27:01 +0000},
	Date-Modified = {2012-07-25 15:27:01 +0000},
	Publisher = {Springer-Verlag},
	Series = {Lecture Notes in Mathematics},
	Title = {{Homotopical Algebra}},
	Volume = {43},
	Year = {1967}}

@misc{riehl:introToSSet,
	Author = {Emily Riehl},
	Date-Added = {2012-07-25 15:27:01 +0000},
	Date-Modified = {2012-07-25 15:27:01 +0000},
	Keywords = {simplicial sets},
	Title = {A leisurely introduction to simplicial sets},
	Url = {www.math.harvard.edu/~eriehl/ssets.pdf},
	Bdsk-Url-1 = {www.math.harvard.edu/~eriehl/ssets.pdf}}

@unpublished{sattler:eta,
	Author = {Christian Sattler},
	Date-Added = {2012-07-25 15:27:01 +0000},
	Date-Modified = {2012-07-25 15:27:01 +0000},
	Rating = {5},
	Read = {0},
	Title = {On the Merits of the $\eta$-Law for Inductive Types},
	Year = {2012},
	Bdsk-File-1 = {YnBsaXN0MDDUAQIDBAUIJidUJHRvcFgkb2JqZWN0c1gkdmVyc2lvblkkYXJjaGl2ZXLRBgdUcm9vdIABqAkKFRYXGyIjVSRudWxs0wsMDQ4RElpOUy5vYmplY3RzViRjbGFzc1dOUy5rZXlzog8QgASABoAHohMUgAKAA1lhbGlhc0RhdGFccmVsYXRpdmVQYXRo0hgMGRpXTlMuZGF0YU8RAZQAAAAAAZQAAgAADE1hY2ludG9zaCBIRAAAAAAAAAAAAAAAAAAAAMmnh09IKwAAAGdm2Q9zYXR0bGVyX2V0YS5wZGYAAAAAAAAAAAAAAAAAAAAAAAAAAAAAAAAAAAAAAAAAAAAAAAAAAAAAAAAAAAAAAAAAZ2ciy6h5lgAAAAAAAAAAAAEAAwAACSAAAAAAAAAAAAAAAAAAAAAHc291cmNlcwAAEAAIAADJp4dPAAAAEQAIAADLqGuGAAAAAQAQAGdm2QBnY1UACGZoAACYOQACADxNYWNpbnRvc2ggSEQ6VXNlcnM6bmljb2xhaWtyYXVzOnN5bmM6c291cmNlczpzYXR0bGVyX2V0YS5wZGYADgAgAA8AcwBhAHQAdABsAGUAcgBfAGUAdABhAC4AcABkAGYADwAaAAwATQBhAGMAaQBuAHQAbwBzAGgAIABIAEQAEgAvVXNlcnMvbmljb2xhaWtyYXVzL3N5bmMvc291cmNlcy9zYXR0bGVyX2V0YS5wZGYAABMAAS8AABUAAgAT//8AAIAF0hwdHh9YJGNsYXNzZXNaJGNsYXNzbmFtZaMfICFdTlNNdXRhYmxlRGF0YVZOU0RhdGFYTlNPYmplY3RfEBdzb3VyY2VzL3NhdHRsZXJfZXRhLnBkZtIcHSQloiUhXE5TRGljdGlvbmFyeRIAAYagXxAPTlNLZXllZEFyY2hpdmVyAAgAEQAWAB8AKAAyADUAOgA8AEUASwBSAF0AZABsAG8AcQBzAHUAeAB6AHwAhgCTAJgAoAI4AjoCPwJIAlMCVwJlAmwCdQKPApQClwKkAqkAAAAAAAACAQAAAAAAAAAoAAAAAAAAAAAAAAAAAAACuw==}}

@article{seely:LCCCandTT,
	Author = {R. A. G. Seely},
	Date-Added = {2012-07-25 15:27:01 +0000},
	Date-Modified = {2012-07-25 15:27:01 +0000},
	Filed = {379},
	Journal = {Math. Proc. Camb. Phil. Soc.},
	Pages = {33--48},
	Title = {Locally Cartesian Closed Categories and Type Theory},
	Url = {http://www.amazon.com/exec/obidos/redirect?tag=citeulike07-20\&path=ASIN/0198568614},
	Volume = {95},
	Year = {1984},
	Bdsk-Url-1 = {http://www.amazon.com/exec/obidos/redirect?tag=citeulike07-20%5C&path=ASIN/0198568614}}

@misc{shulman:blog,
	Author = {Mike Shulman},
	Date-Added = {2012-07-25 15:27:01 +0000},
	Date-Modified = {2012-07-25 15:27:01 +0000},
	Owner = {nicolai},
	Timestamp = {2012.05.30},
	Title = {Homotopy Type Theory (several Blogposts)},
	Url = {http://golem.ph.utexas.edu/category/2011/03/homotopy_type_theory_i.html},
	Bdsk-Url-1 = {http://golem.ph.utexas.edu/category/2011/03/homotopy_type_theory_i.html}}

@book{simpson:hthc,
	Abstract = {{This is the first draft of a book about higher categories approached
	by iterating Segal's method, as in Tamsamani's definition of \$n\$-nerve
	and Pelissier's thesis. If \$M\$ is a tractable left proper cartesian
	model category, we construct a tractable left proper cartesian model
	structure on the category of \$M\$-precategories. The procedure can
	then be iterated, leading to model categories of \$(\infty, n)\$-categories.}},
	Archiveprefix = {arXiv},
	Author = {Simpson, Carlos T.},
	Date-Added = {2012-07-25 15:27:01 +0000},
	Date-Modified = {2012-07-25 15:27:01 +0000},
	Keywords = {category, homotopy, theory},
	Title = {{Homotopy theory of higher categories}},
	Url = {http://arxiv.org/abs/1001.4071},
	Year = {2010},
	Bdsk-Url-1 = {http://arxiv.org/abs/1001.4071}}

@article{street:womcats,
	Author = {Ross Street},
	Date-Added = {2012-07-25 15:27:01 +0000},
	Date-Modified = {2012-07-25 15:27:01 +0000},
	Title = {Weak omega-categories},
	Url = {www.math.mq.edu.au/~street/Womcats.pdf},
	Bdsk-Url-1 = {www.math.mq.edu.au/~street/Womcats.pdf}}

@other{streicher:map11,
	Author = {Thomas Streicher},
	Date-Added = {2012-07-25 15:27:01 +0000},
	Date-Modified = {2012-07-25 15:27:01 +0000},
	Owner = {nicolai},
	Timestamp = {2012.05.30},
	Title = {Isomorphic Types are Equal! (talk)},
	Type = {talk},
	Url = {http://www.mathematik.tu-darmstadt.de/~streicher/},
	Bdsk-Url-1 = {http://www.mathematik.tu-darmstadt.de/~streicher/}}

@article{streicher:modelInSset,
	Author = {Thomas Streicher},
	Date-Added = {2012-07-25 15:27:01 +0000},
	Date-Modified = {2012-07-25 15:27:01 +0000},
	Title = {{A Model of Type Theory in Simplicial Sets}},
	Url = {http://www.mathematik.tu-darmstadt.de/~streicher/},
	Bdsk-Url-1 = {http://www.mathematik.tu-darmstadt.de/~streicher/}}

@book{vickers:topologyViaLogic,
	Abstract = {{This advanced textbook on topology has three unusual features. First,
	the introduction is from the locale viewpoint, motivated by the logic
	of finite observations: this provides a more direct approach than
	the traditional one based on abstracting properties of open sets
	in the real line. Second, the author freely exploits the methods
	of locale theory. Third, there is substantial discussion of some
	computer science applications. As computer scientists become more
	aware of the mathematical foundations of their discipline, it is
	appropriate that such topics are presented in a form of direct relevance
	and applicability. This book goes some way towards bridging the gap
	for computer scientists.}},
	Author = {Vickers, Steven},
	Date-Added = {2012-07-25 15:27:01 +0000},
	Date-Modified = {2012-07-25 15:27:01 +0000},
	Day = {13},
	Howpublished = {Paperback},
	Isbn = {0521576512},
	Keywords = {logic, topology},
	Month = sep,
	Posted-At = {2010-02-25 11:39:07},
	Priority = {3},
	Publisher = {Cambridge University Press},
	Series = {Cambridge Tracts in Theoretical Computer Science},
	Title = {{Topology via Logic}},
	Url = {http://www.zentralblatt-math.org/zmath/en/search/?q=an:0922.54002\&\#38;format=complete},
	Year = {1996},
	Bdsk-Url-1 = {http://www.zentralblatt-math.org/zmath/en/search/?q=an:0922.54002%5C&%5C#38;format=complete}}

@article{voevodsky:equivalenceAndUnivalence,
	Author = {Voevodsky, V.},
	Date-Added = {2012-07-25 15:27:01 +0000},
	Date-Modified = {2012-07-25 15:27:01 +0000},
	Journal = {Talk at CMU},
	Title = {{The equivalence axiom and univalent models of type theory}},
	Url = {http://www.math.ias.edu/~vladimir/Site3/Univalent_Foundations_files/CMU_talk.pdf},
	Bdsk-Url-1 = {http://www.math.ias.edu/~vladimir/Site3/Univalent_Foundations_files/CMU_talk.pdf}}

@article{voevodsky:goteborg,
	Author = {Voevodsky, V.},
	Date-Added = {2012-07-25 15:27:01 +0000},
	Date-Modified = {2012-07-25 15:27:01 +0000},
	Journal = {Talk in Goteborg},
	Title = {{Univalent Foundations of Mathematics}},
	Url = {www.math.ias.edu/~vladimir/Site3/Univalent_Foundations_files/2011_Goteborg.pdf},
	Bdsk-Url-1 = {www.math.ias.edu/~vladimir/Site3/Univalent_Foundations_files/2011_Goteborg.pdf}}

@article{voevodsky:univalentFoundationsProjectNSF,
	Author = {Voevodsky, V.},
	Date-Added = {2012-07-25 15:27:01 +0000},
	Date-Modified = {2012-07-25 15:27:01 +0000},
	Journal = {a modified version of an NSF grant application},
	Title = {{Univalent Foundations Project}},
	Url = {www.math.ias.edu/~vladimir/Site3/Univalent_Foundations_files/univalent_foundations_project.pdf},
	Bdsk-Url-1 = {www.math.ias.edu/~vladimir/Site3/Univalent_Foundations_files/univalent_foundations_project.pdf}}

@book{warren:strictOmegaInterpretation,
	Author = {Michael Warren},
	Date-Added = {2012-07-25 15:27:01 +0000},
	Date-Modified = {2012-07-25 15:27:01 +0000},
	Title = {The strict omega-groupoid interpretation of type theory},
	Url = {http://www.math.ias.edu/~mwarren/Papers/makkaifest_preprint.pdf},
	Bdsk-Url-1 = {http://www.math.ias.edu/~mwarren/Papers/makkaifest_preprint.pdf}}

@other{warren:phd,
	Author = {Warren, Michael A.},
	Citeulike-Article-Id = {8809045},
	Date-Added = {2012-07-25 15:27:01 +0000},
	Date-Modified = {2012-07-25 15:27:01 +0000},
	Keywords = {coquand-bologna, homotopy-theory},
	Owner = {nicolai},
	Posted-At = {2011-02-11 17:20:17},
	Priority = {2},
	School = {Carnegie Mellon University},
	Timestamp = {2012.05.30},
	Title = {Homotopy theoretic aspects of constructive type theory (PhD thesis)},
	Url = {http://mathstat.dal.ca/~mwarren/Papers/phd.pdf},
	Year = {2008},
	Bdsk-Url-1 = {http://mathstat.dal.ca/~mwarren/Papers/phd.pdf}}

@misc{ncatlab,
	Date-Added = {2012-07-25 15:27:01 +0000},
	Date-Modified = {2012-07-25 15:27:01 +0000},
	Title = {The \textit{n}Lab},
	Url = {http://ncatlab.org},
	Bdsk-Url-1 = {http://ncatlab.org}}

@other{nlab:catsem,
	Date-Added = {2012-07-25 15:27:01 +0000},
	Date-Modified = {2012-07-25 15:27:01 +0000},
	Title = {nlab: categorical semantics},
	Url = {http://ncatlab.org/nlab/show/categorical+semantics},
	Bdsk-Url-1 = {http://ncatlab.org/nlab/show/categorical+semantics}}

@other{nlab:topos,
	Date-Added = {2012-07-25 15:27:01 +0000},
	Date-Modified = {2012-07-25 15:27:01 +0000},
	Title = {nlab: internal logic of an (infinity,1)-topos},
	Url = {http://ncatlab.org/nlab/show/internal+logic+of+an+%28infinity%2C1%29-topos},
	Bdsk-Url-1 = {http://ncatlab.org/nlab/show/internal+logic+of+an+%28infinity%2C1%29-topos}}

@other{nlab,
	Date-Added = {2012-07-25 15:27:01 +0000},
	Date-Modified = {2012-07-25 15:27:01 +0000},
	Title = {\emph{n}lab},
	Url = {http://ncatlab.org/nlab/show/HomePage},
	Bdsk-Url-1 = {http://ncatlab.org/nlab/show/HomePage}}

@other{nlab:fib,
	Date-Added = {2012-07-25 15:27:01 +0000},
	Date-Modified = {2012-07-25 15:27:01 +0000},
	Title = {ncatlab: Grothendieck fibration},
	Url = {http://ncatlab.org/nlab/show/Grothendieck+fibration},
	Bdsk-Url-1 = {http://ncatlab.org/nlab/show/Grothendieck+fibration}}

@other{nlab:gc,
	Date-Added = {2012-07-25 15:27:01 +0000},
	Date-Modified = {2012-07-25 15:27:01 +0000},
	Owner = {nicolai},
	Timestamp = {2012.05.30},
	Title = {ncatlab: Grothendieck construction},
	Url = {http://ncatlab.org/nlab/show/Grothendieck+construction},
	Bdsk-Url-1 = {http://ncatlab.org/nlab/show/Grothendieck+construction}}

@other{nlab:mc,
	Date-Added = {2012-07-25 15:27:01 +0000},
	Date-Modified = {2012-07-25 15:27:01 +0000},
	Owner = {nicolai},
	Timestamp = {2012.05.30},
	Title = {ncatlab: Model Category},
	Url = {http://nlab.mathforge.org/nlab/show/model+category},
	Bdsk-Url-1 = {http://nlab.mathforge.org/nlab/show/model+category}}

@other{nlab:wfs,
	Date-Added = {2012-07-25 15:27:01 +0000},
	Date-Modified = {2012-07-25 15:27:01 +0000},
	Owner = {nicolai},
	Timestamp = {2012.05.30},
	Title = {ncatlab: weak factorization system},
	Url = {http://ncatlab.org/nlab/show/weak+factorization+system},
	Bdsk-Url-1 = {http://ncatlab.org/nlab/show/weak+factorization+system}}

@other{wiki:fib,
	Date-Added = {2012-07-25 15:27:01 +0000},
	Date-Modified = {2012-07-25 15:27:01 +0000},
	Owner = {nicolai},
	Timestamp = {2012.05.30},
	Title = {Wikipedia: fibration},
	Url = {http://en.wikipedia.org/wiki/Fibration},
	Bdsk-Url-1 = {http://en.wikipedia.org/wiki/Fibration}}

@other{wiki:whitehead,
	Date-Added = {2012-07-25 15:27:01 +0000},
	Date-Modified = {2012-07-25 15:27:01 +0000},
	Owner = {nicolai},
	Timestamp = {2012.05.30},
	Title = {Wikipedia: Whitehead theorem},
	Url = {http://en.wikipedia.org/wiki/Whitehead_theorem},
	Bdsk-Url-1 = {http://en.wikipedia.org/wiki/Whitehead_theorem}}

@other{kraus:post,
	Date-Added = {2012-07-25 15:27:01 +0000},
	Date-Modified = {2012-07-25 15:27:01 +0000},
	Title = {A direct proof of Hedberg's theorem},
	Url = {http://homotopytypetheory.org/2012/03/30/a-direct-proof-of-hedbergs-theorem/},
	Bdsk-Url-1 = {http://homotopytypetheory.org/2012/03/30/a-direct-proof-of-hedbergs-theorem/}}

@misc{kapulkinLumsdaineVoevodsky:univalenceInSimplSets,
	Abstract = {{We present an accessible account of Voevodsky's construction of a univalent
universe of Kan fibrations.}},
	Archiveprefix = {arXiv},
	Author = {Kapulkin, Chris and Lumsdaine, Peter L. and Voevodsky, Vladimir},
	Citeulike-Article-Id = {10450682},
	Citeulike-Linkout-0 = {http://arxiv.org/abs/1203.2553},
	Citeulike-Linkout-1 = {http://arxiv.org/pdf/1203.2553},
	Date-Added = {2012-07-24 09:22:03 +0000},
	Date-Modified = {2012-07-25 15:36:31 +0000},
	Day = {2},
	Eprint = {1203.2553},
	Month = apr,
	Posted-At = {2012-07-24 10:19:48},
	Priority = {2},
	Title = {Univalence in Simplicial Sets},
	Url = {http://arxiv.org/abs/1203.2553},
	Year = {2012},
	Bdsk-File-1 = {YnBsaXN0MDDUAQIDBAUIJidUJHRvcFgkb2JqZWN0c1gkdmVyc2lvblkkYXJjaGl2ZXLRBgdUcm9vdIABqAkKFRYXGyIjVSRudWxs0wsMDQ4RElpOUy5vYmplY3RzViRjbGFzc1dOUy5rZXlzog8QgASABoAHohMUgAKAA1lhbGlhc0RhdGFccmVsYXRpdmVQYXRo0hgMGRpXTlMuZGF0YU8RAewAAAAAAewAAgAADE1hY2ludG9zaCBIRAAAAAAAAAAAAAAAAAAAAMfUpeFIKwAAAV+CMh9Vbml2YWxlbmNlIGluIFNpbXBsIzE1RjdDQjEucGRmAAAAAAAAAAAAAAAAAAAAAAAAAAAAAAAAAAAAAAAAAAABX3yxzDQnI1BERiBDQVJPAAIABAAACSAAAAAAAAAAAAAAAAAAAAAIS2FwdWxraW4AEAAIAADH1JfRAAAAEQAIAADMNBkTAAAAAQAUAV+CMgAaCBYACEuXAAhLigAAkvMAAgBVTWFjaW50b3NoIEhEOlVzZXJzOgBveHI6AERvY3VtZW50czoAUGFwZXJzOgBLYXB1bGtpbjoAVW5pdmFsZW5jZSBpbiBTaW1wbCMxNUY3Q0IxLnBkZgAADgBEACEAVQBuAGkAdgBhAGwAZQBuAGMAZQAgAGkAbgAgAFMAaQBtAHAAbABpAGMAaQBhAGwAIABTAGUAdABzAC4AcABkAGYADwAaAAwATQBhAGMAaQBuAHQAbwBzAGgAIABIAEQAEgBFVXNlcnMvb3hyL0RvY3VtZW50cy9QYXBlcnMvS2FwdWxraW4vVW5pdmFsZW5jZSBpbiBTaW1wbGljaWFsIFNldHMucGRmAAATAAEvAAAVAAIACv//AACABdIcHR4fWCRjbGFzc2VzWiRjbGFzc25hbWWjHyAhXU5TTXV0YWJsZURhdGFWTlNEYXRhWE5TT2JqZWN0XxBBLi4vLi4vRG9jdW1lbnRzL1BhcGVycy9LYXB1bGtpbi9Vbml2YWxlbmNlIGluIFNpbXBsaWNpYWwgU2V0cy5wZGbSHB0kJaIlIVxOU0RpY3Rpb25hcnkSAAGGoF8QD05TS2V5ZWRBcmNoaXZlcgAIABEAFgAfACgAMgA1ADoAPABFAEsAUgBdAGQAbABvAHEAcwB1AHgAegB8AIYAkwCYAKACkAKSApcCoAKrAq8CvQLEAs0DEQMWAxkDJgMrAAAAAAAAAgEAAAAAAAAAKAAAAAAAAAAAAAAAAAAAAz0=},
	Bdsk-Url-1 = {http://arxiv.org/abs/1203.2553}}

@article{voevodsky-equivalence,
	Author = {Voevodsky, V.},
	Date-Added = {2012-07-24 09:02:36 +0000},
	Date-Modified = {2012-07-24 09:02:36 +0000},
	Journal = {Talk at CMU},
	Title = {{The equivalence axiom and univalent models of type theory}}}

@inproceedings{AbbottAltenkirchGhani:CategoriesOfContainers,
	Author = {Michael Abbott and Thorsten Altenkirch and Neil Ghani},
	Booktitle = {Proceedings of Foundations of Software Science and Computation Structures},
	Date-Added = {2012-07-23 18:46:25 +0000},
	Date-Modified = {2012-07-25 15:27:56 +0000},
	Keywords = {containers},
	Title = {Categories of Containers},
	Year = {2003},
	Bdsk-File-1 = {YnBsaXN0MDDUAQIDBAUIJidUJHRvcFgkb2JqZWN0c1gkdmVyc2lvblkkYXJjaGl2ZXLRBgdUcm9vdIABqAkKFRYXGyIjVSRudWxs0wsMDQ4RElpOUy5vYmplY3RzViRjbGFzc1dOUy5rZXlzog8QgASABoAHohMUgAKAA1lhbGlhc0RhdGFccmVsYXRpdmVQYXRo0hgMGRpXTlMuZGF0YU8RAdIAAAAAAdIAAgAADE1hY2ludG9zaCBIRAAAAAAAAAAAAAAAAAAAAMfUpeFIKwAAAHFkgxxDYXRlZ29yaWVzIG9mIENvbnRhaW5lcnMucGRmAAAAAAAAAAAAAAAAAAAAAAAAAAAAAAAAAAAAAAAAAAAAAAAAcWRxyWXpZAAAAAAAAAAAAAIABAAACSAAAAAAAAAAAAAAAAAAAAAFQWJvdHQAABAACAAAx9SX0QAAABEACAAAyWXpZAAAAAEAFABxZIMAGggWAAhLlwAIS4oAAJLzAAIAT01hY2ludG9zaCBIRDpVc2VyczoAb3hyOgBEb2N1bWVudHM6AFBhcGVyczoAQWJvdHQ6AENhdGVnb3JpZXMgb2YgQ29udGFpbmVycy5wZGYAAA4AOgAcAEMAYQB0AGUAZwBvAHIAaQBlAHMAIABvAGYAIABDAG8AbgB0AGEAaQBuAGUAcgBzAC4AcABkAGYADwAaAAwATQBhAGMAaQBuAHQAbwBzAGgAIABIAEQAEgA9VXNlcnMvb3hyL0RvY3VtZW50cy9QYXBlcnMvQWJvdHQvQ2F0ZWdvcmllcyBvZiBDb250YWluZXJzLnBkZgAAEwABLwAAFQACAAr//wAAgAXSHB0eH1gkY2xhc3Nlc1okY2xhc3NuYW1lox8gIV1OU011dGFibGVEYXRhVk5TRGF0YVhOU09iamVjdF8QOS4uLy4uL0RvY3VtZW50cy9QYXBlcnMvQWJvdHQvQ2F0ZWdvcmllcyBvZiBDb250YWluZXJzLnBkZtIcHSQloiUhXE5TRGljdGlvbmFyeRIAAYagXxAPTlNLZXllZEFyY2hpdmVyAAgAEQAWAB8AKAAyADUAOgA8AEUASwBSAF0AZABsAG8AcQBzAHUAeAB6AHwAhgCTAJgAoAJ2AngCfQKGApEClQKjAqoCswLvAvQC9wMEAwkAAAAAAAACAQAAAAAAAAAoAAAAAAAAAAAAAAAAAAADGw==}}

@article{AbbotAltenkirchGhani:Constructing,
	Author = {Michael Abbott and Thorsten Altenkirch and Neil Ghani},
	Date-Added = {2012-07-23 18:46:04 +0000},
	Date-Modified = {2012-07-25 15:27:30 +0000},
	Journal = {Theoretical Computer Science},
	Keywords = {containers},
	Month = {September},
	Note = {Applied Semantics: Selected Topics},
	Pages = {3--27},
	Title = {Containers - Constructing Strictly Positive Types},
	Volume = {342},
	Year = {2005},
	Bdsk-File-1 = {YnBsaXN0MDDUAQIDBAUIJidUJHRvcFgkb2JqZWN0c1gkdmVyc2lvblkkYXJjaGl2ZXLRBgdUcm9vdIABqAkKFRYXGyIjVSRudWxs0wsMDQ4RElpOUy5vYmplY3RzViRjbGFzc1dOUy5rZXlzog8QgASABoAHohMUgAKAA1lhbGlhc0RhdGFccmVsYXRpdmVQYXRo0hgMGRpXTlMuZGF0YU8RAh4AAAAAAh4AAgAADE1hY2ludG9zaCBIRAAAAAAAAAAAAAAAAAAAAMfUpeFIKwAAAHFkgx9Db250YWluZXJzIC0gQ29uc3RydSM3OTg3MEUucGRmAAAAAAAAAAAAAAAAAAAAAAAAAAAAAAAAAAAAAAAAAAAAeYcOyXgfEAAAAAAAAAAAAAIABAAACSAAAAAAAAAAAAAAAAAAAAAFQWJvdHQAABAACAAAx9SX0QAAABEACAAAyXgfEAAAAAEAFABxZIMAGggWAAhLlwAIS4oAAJLzAAIAUk1hY2ludG9zaCBIRDpVc2VyczoAb3hyOgBEb2N1bWVudHM6AFBhcGVyczoAQWJvdHQ6AENvbnRhaW5lcnMgLSBDb25zdHJ1Izc5ODcwRS5wZGYADgBsADUAQwBvAG4AdABhAGkAbgBlAHIAcwAgAC0AIABDAG8AbgBzAHQAcgB1AGMAdABpAG4AZwAgAFMAdAByAGkAYwB0AGwAeQAgAFAAbwBzAGkAdABpAHYAZQAgAFQAeQBwAGUAcwAuAHAAZABmAA8AGgAMAE0AYQBjAGkAbgB0AG8AcwBoACAASABEABIAVlVzZXJzL294ci9Eb2N1bWVudHMvUGFwZXJzL0Fib3R0L0NvbnRhaW5lcnMgLSBDb25zdHJ1Y3RpbmcgU3RyaWN0bHkgUG9zaXRpdmUgVHlwZXMucGRmABMAAS8AABUAAgAK//8AAIAF0hwdHh9YJGNsYXNzZXNaJGNsYXNzbmFtZaMfICFdTlNNdXRhYmxlRGF0YVZOU0RhdGFYTlNPYmplY3RfEFIuLi8uLi9Eb2N1bWVudHMvUGFwZXJzL0Fib3R0L0NvbnRhaW5lcnMgLSBDb25zdHJ1Y3RpbmcgU3RyaWN0bHkgUG9zaXRpdmUgVHlwZXMucGRm0hwdJCWiJSFcTlNEaWN0aW9uYXJ5EgABhqBfEA9OU0tleWVkQXJjaGl2ZXIACAARABYAHwAoADIANQA6ADwARQBLAFIAXQBkAGwAbwBxAHMAdQB4AHoAfACGAJMAmACgAsICxALJAtIC3QLhAu8C9gL/A1QDWQNcA2kDbgAAAAAAAAIBAAAAAAAAACgAAAAAAAAAAAAAAAAAAAOA}}

@misc{altenkirchGhaniHancockMcBrideMorris:indexedContainers,
	Author = {Thorsten Altenkirch and Neil Ghani and Peter Hancock and Conor McBride and Peter Morris},
	Date-Added = {2012-07-23 18:44:53 +0000},
	Date-Modified = {2012-07-25 16:06:25 +0000},
	Howpublished = {Manuscript, available online},
	Keywords = {containers},
	Month = {February},
	Title = {Indexed Containers},
	Year = {2006},
	Bdsk-File-1 = {YnBsaXN0MDDUAQIDBAUIJidUJHRvcFgkb2JqZWN0c1gkdmVyc2lvblkkYXJjaGl2ZXLRBgdUcm9vdIABqAkKFRYXGyIjVSRudWxs0wsMDQ4RElpOUy5vYmplY3RzViRjbGFzc1dOUy5rZXlzog8QgASABoAHohMUgAKAA1lhbGlhc0RhdGFccmVsYXRpdmVQYXRo0hgMGRpXTlMuZGF0YU8RAcYAAAAAAcYAAgAADE1hY2ludG9zaCBIRAAAAAAAAAAAAAAAAAAAAMfUpeFIKwAAADQ6PhZJbmRleGVkIENvbnRhaW5lcnMucGRmAAAAAAAAAAAAAAAAAAAAAAAAAAAAAAAAAAAAAAAAAAAAAAAAAAAAAAAANDnQyIHDowAAAAAAAAAAAAIABAAACSAAAAAAAAAAAAAAAAAAAAAKQWx0ZW5raXJjaAAQAAgAAMfUl9EAAAARAAgAAMiBtZMAAAABABQANDo+ABoIFgAIS5cACEuKAACS8wACAE5NYWNpbnRvc2ggSEQ6VXNlcnM6AG94cjoARG9jdW1lbnRzOgBQYXBlcnM6AEFsdGVua2lyY2g6AEluZGV4ZWQgQ29udGFpbmVycy5wZGYADgAuABYASQBuAGQAZQB4AGUAZAAgAEMAbwBuAHQAYQBpAG4AZQByAHMALgBwAGQAZgAPABoADABNAGEAYwBpAG4AdABvAHMAaAAgAEgARAASADxVc2Vycy9veHIvRG9jdW1lbnRzL1BhcGVycy9BbHRlbmtpcmNoL0luZGV4ZWQgQ29udGFpbmVycy5wZGYAEwABLwAAFQACAAr//wAAgAXSHB0eH1gkY2xhc3Nlc1okY2xhc3NuYW1lox8gIV1OU011dGFibGVEYXRhVk5TRGF0YVhOU09iamVjdF8QOC4uLy4uL0RvY3VtZW50cy9QYXBlcnMvQWx0ZW5raXJjaC9JbmRleGVkIENvbnRhaW5lcnMucGRm0hwdJCWiJSFcTlNEaWN0aW9uYXJ5EgABhqBfEA9OU0tleWVkQXJjaGl2ZXIACAARABYAHwAoADIANQA6ADwARQBLAFIAXQBkAGwAbwBxAHMAdQB4AHoAfACGAJMAmACgAmoCbAJxAnoChQKJApcCngKnAuIC5wLqAvcC/AAAAAAAAAIBAAAAAAAAACgAAAAAAAAAAAAAAAAAAAMO}}

@inproceedings{altenMcBSwier07:beast,
	Address = {New York, NY, USA},
	Author = {Thorsten Altenkirch and Conor McBride and Wouter Swierstra},
	Booktitle = {PLPV '07: Proceedings of the 2007 workshop on Programming languages meets program verification},
	Date-Added = {2012-07-23 18:44:29 +0000},
	Date-Modified = {2012-07-26 09:21:01 +0000},
	Doi = {http://doi.acm.org/10.1145/1292597.1292608},
	Isbn = {978-1-59593-677-6},
	Keywords = {tt topology},
	Location = {Freiburg, Germany},
	Pages = {57--68},
	Publisher = {ACM},
	Title = {Observational equality, now!},
	Year = {2007},
	Bdsk-File-1 = {YnBsaXN0MDDUAQIDBAUIJidUJHRvcFgkb2JqZWN0c1gkdmVyc2lvblkkYXJjaGl2ZXLRBgdUcm9vdIABqAkKFRYXGyIjVSRudWxs0wsMDQ4RElpOUy5vYmplY3RzViRjbGFzc1dOUy5rZXlzog8QgASABoAHohMUgAKAA1lhbGlhc0RhdGFccmVsYXRpdmVQYXRo0hgMGRpXTlMuZGF0YU8RAe4AAAAAAe4AAgAADE1hY2ludG9zaCBIRAAAAAAAAAAAAAAAAAAAAMfUpeFIKwAAADQ6Ph9PYnNlcnZhdGlvbmFsIGVxdWFsaSMzRkQ1NDQucGRmAAAAAAAAAAAAAAAAAAAAAAAAAAAAAAAAAAAAAAAAAAAAP9VEyP3CKgAAAAAAAAAAAAIABAAACSAAAAAAAAAAAAAAAAAAAAAKQWx0ZW5raXJjaAAQAAgAAMfUl9EAAAARAAgAAMj9wioAAAABABQANDo+ABoIFgAIS5cACEuKAACS8wACAFdNYWNpbnRvc2ggSEQ6VXNlcnM6AG94cjoARG9jdW1lbnRzOgBQYXBlcnM6AEFsdGVua2lyY2g6AE9ic2VydmF0aW9uYWwgZXF1YWxpIzNGRDU0NC5wZGYAAA4AQgAgAE8AYgBzAGUAcgB2AGEAdABpAG8AbgBhAGwAIABlAHEAdQBhAGwAaQB0AHkALAAgAG4AbwB3ACEALgBwAGQAZgAPABoADABNAGEAYwBpAG4AdABvAHMAaAAgAEgARAASAEZVc2Vycy9veHIvRG9jdW1lbnRzL1BhcGVycy9BbHRlbmtpcmNoL09ic2VydmF0aW9uYWwgZXF1YWxpdHksIG5vdyEucGRmABMAAS8AABUAAgAK//8AAIAF0hwdHh9YJGNsYXNzZXNaJGNsYXNzbmFtZaMfICFdTlNNdXRhYmxlRGF0YVZOU0RhdGFYTlNPYmplY3RfEEIuLi8uLi9Eb2N1bWVudHMvUGFwZXJzL0FsdGVua2lyY2gvT2JzZXJ2YXRpb25hbCBlcXVhbGl0eSwgbm93IS5wZGbSHB0kJaIlIVxOU0RpY3Rpb25hcnkSAAGGoF8QD05TS2V5ZWRBcmNoaXZlcgAIABEAFgAfACgAMgA1ADoAPABFAEsAUgBdAGQAbABvAHEAcwB1AHgAegB8AIYAkwCYAKACkgKUApkCogKtArECvwLGAs8DFAMZAxwDKQMuAAAAAAAAAgEAAAAAAAAAKAAAAAAAAAAAAAAAAAAAA0A=},
	Bdsk-Url-1 = {http://doi.acm.org/10.1145/1292597.1292608}}

@misc{awodey:tth,
	Author = {Steve Awodey},
	Date-Added = {2012-07-23 18:44:03 +0000},
	Date-Modified = {2012-07-25 16:12:43 +0000},
	Howpublished = {arXiv:1010.1810v1},
	Keywords = {tt topology},
	Month = {October},
	Title = {Type Theory and Homotopy},
	Year = {2010},
	Bdsk-File-1 = {YnBsaXN0MDDUAQIDBAUIJidUJHRvcFgkb2JqZWN0c1gkdmVyc2lvblkkYXJjaGl2ZXLRBgdUcm9vdIABqAkKFRYXGyIjVSRudWxs0wsMDQ4RElpOUy5vYmplY3RzViRjbGFzc1dOUy5rZXlzog8QgASABoAHohMUgAKAA1lhbGlhc0RhdGFccmVsYXRpdmVQYXRo0hgMGRpXTlMuZGF0YU8RAdIAAAAAAdIAAgAADE1hY2ludG9zaCBIRAAAAAAAAAAAAAAAAAAAAMfUpeFIKwAAAJJ3mRxUeXBlIFRoZW9yeSBhbmQgSG9tb3RvcHkucGRmAAAAAAAAAAAAAAAAAAAAAAAAAAAAAAAAAAAAAAAAAAAAAAAAkneoyZ6NEQAAAAAAAAAAAAIABAAACSAAAAAAAAAAAAAAAAAAAAAGQXdvZGV5ABAACAAAx9SX0QAAABEACAAAyZ6NEQAAAAEAFACSd5kAGggWAAhLlwAIS4oAAJLzAAIAUE1hY2ludG9zaCBIRDpVc2VyczoAb3hyOgBEb2N1bWVudHM6AFBhcGVyczoAQXdvZGV5OgBUeXBlIFRoZW9yeSBhbmQgSG9tb3RvcHkucGRmAA4AOgAcAFQAeQBwAGUAIABUAGgAZQBvAHIAeQAgAGEAbgBkACAASABvAG0AbwB0AG8AcAB5AC4AcABkAGYADwAaAAwATQBhAGMAaQBuAHQAbwBzAGgAIABIAEQAEgA+VXNlcnMvb3hyL0RvY3VtZW50cy9QYXBlcnMvQXdvZGV5L1R5cGUgVGhlb3J5IGFuZCBIb21vdG9weS5wZGYAEwABLwAAFQACAAr//wAAgAXSHB0eH1gkY2xhc3Nlc1okY2xhc3NuYW1lox8gIV1OU011dGFibGVEYXRhVk5TRGF0YVhOU09iamVjdF8QOi4uLy4uL0RvY3VtZW50cy9QYXBlcnMvQXdvZGV5L1R5cGUgVGhlb3J5IGFuZCBIb21vdG9weS5wZGbSHB0kJaIlIVxOU0RpY3Rpb25hcnkSAAGGoF8QD05TS2V5ZWRBcmNoaXZlcgAIABEAFgAfACgAMgA1ADoAPABFAEsAUgBdAGQAbABvAHEAcwB1AHgAegB8AIYAkwCYAKACdgJ4An0ChgKRApUCowKqArMC8AL1AvgDBQMKAAAAAAAAAgEAAAAAAAAAKAAAAAAAAAAAAAAAAAAAAxw=}}

@article{baezDolan:opetopes,
	Author = {John Baez and James Dolan},
	Date-Added = {2012-07-23 18:43:55 +0000},
	Date-Modified = {2012-07-26 10:17:20 +0000},
	Journal = {Advances in Mathematics},
	Pages = {145--206},
	Title = {Higher-Dimensional Algebra III. n-Categories and the Algebra of Opetopes},
	Volume = {135},
	Year = {1998},
	Bdsk-File-1 = {YnBsaXN0MDDUAQIDBAUIJidUJHRvcFgkb2JqZWN0c1gkdmVyc2lvblkkYXJjaGl2ZXLRBgdUcm9vdIABqAkKFRYXGyIjVSRudWxs0wsMDQ4RElpOUy5vYmplY3RzViRjbGFzc1dOUy5rZXlzog8QgASABoAHohMUgAKAA1lhbGlhc0RhdGFccmVsYXRpdmVQYXRo0hgMGRpXTlMuZGF0YU8RAjwAAAAAAjwAAgAADE1hY2ludG9zaCBIRAAAAAAAAAAAAAAAAAAAAMfUpeFIKwAAAVR+Wh9IaWdoZXItRGltZW5zaW9uYWwgIzE1NDdFNTYucGRmAAAAAAAAAAAAAAAAAAAAAAAAAAAAAAAAAAAAAAAAAAABVH5Wy/dUNFBERiBDQVJPAAIABAAACSAAAAAAAAAAAAAAAAAAAAAEQmFlegAQAAgAAMfUl9EAAAARAAgAAMv3RiQAAAABABQBVH5aABoIFgAIS5cACEuKAACS8wACAFFNYWNpbnRvc2ggSEQ6VXNlcnM6AG94cjoARG9jdW1lbnRzOgBQYXBlcnM6AEJhZXo6AEhpZ2hlci1EaW1lbnNpb25hbCAjMTU0N0U1Ni5wZGYAAA4AggBAAEgAaQBnAGgAZQByAC0ARABpAG0AZQBuAHMAaQBvAG4AYQBsACAAQQBsAGcAZQBiAHIAYQAgAEkASQBJAC4AIABuAC0AQwBhAHQAZQBnAG8AcgBpAGUAcwAgAGEAbgBkACAAdABoAGUAIABBAGwAZwBlAGIAcgBhAC4AcABkAGYADwAaAAwATQBhAGMAaQBuAHQAbwBzAGgAIABIAEQAEgBgVXNlcnMvb3hyL0RvY3VtZW50cy9QYXBlcnMvQmFlei9IaWdoZXItRGltZW5zaW9uYWwgQWxnZWJyYSBJSUkuIG4tQ2F0ZWdvcmllcyBhbmQgdGhlIEFsZ2VicmEucGRmABMAAS8AABUAAgAK//8AAIAF0hwdHh9YJGNsYXNzZXNaJGNsYXNzbmFtZaMfICFdTlNNdXRhYmxlRGF0YVZOU0RhdGFYTlNPYmplY3RfEFwuLi8uLi9Eb2N1bWVudHMvUGFwZXJzL0JhZXovSGlnaGVyLURpbWVuc2lvbmFsIEFsZ2VicmEgSUlJLiBuLUNhdGVnb3JpZXMgYW5kIHRoZSBBbGdlYnJhLnBkZtIcHSQloiUhXE5TRGljdGlvbmFyeRIAAYagXxAPTlNLZXllZEFyY2hpdmVyAAgAEQAWAB8AKAAyADUAOgA8AEUASwBSAF0AZABsAG8AcQBzAHUAeAB6AHwAhgCTAJgAoALgAuIC5wLwAvsC/wMNAxQDHQN8A4EDhAORA5YAAAAAAAACAQAAAAAAAAAoAAAAAAAAAAAAAAAAAAADqA==}}

@article{batanin:monoidal,
	Author = {Michael Batanin},
	Date-Added = {2012-07-23 18:43:20 +0000},
	Date-Modified = {2012-07-25 16:28:01 +0000},
	Journal = {Advances in Mathematics},
	Keywords = {omega},
	Pages = {39-103},
	Title = {Monoidal globular categories as natural environment for the theory of weak n-categories},
	Volume = {136},
	Year = {1998},
	Bdsk-File-1 = {YnBsaXN0MDDUAQIDBAUIJidUJHRvcFgkb2JqZWN0c1gkdmVyc2lvblkkYXJjaGl2ZXLRBgdUcm9vdIABqAkKFRYXGyIjVSRudWxs0wsMDQ4RElpOUy5vYmplY3RzViRjbGFzc1dOUy5rZXlzog8QgASABoAHohMUgAKAA1lhbGlhc0RhdGFccmVsYXRpdmVQYXRo0hgMGRpXTlMuZGF0YU8RAgAAAAAAAgAAAgAADE1hY2ludG9zaCBIRAAAAAAAAAAAAAAAAAAAAMfUpeFIKwAAAIqkMh9Nb25vaWRhbCBnbG9idWxhciBjYSMxQTI3MzcucGRmAAAAAAAAAAAAAAAAAAAAAAAAAAAAAAAAAAAAAAAAAAAAGic3yAX35gAAAAAAAAAAAAIAAgAACSAAAAAAAAAAAAAAAAAAAAAHRHJvcGJveAAAEAAIAADH1JfRAAAAEQAIAADIBenWAAAAAQAMAIqkMgAIS4oAAJLzAAIAQU1hY2ludG9zaCBIRDpVc2VyczoAb3hyOgBEcm9wYm94OgBNb25vaWRhbCBnbG9idWxhciBjYSMxQTI3MzcucGRmAAAOAHAANwBNAG8AbgBvAGkAZABhAGwAIABnAGwAbwBiAHUAbABhAHIAIABjAGEAdABlAGcAbwByAGkAZQBzACAAYQBzACAAbgBhAHQAdQByAGEAbAAgAGUAbgB2AGkAcgBvAG4AbQBlAG4AdAAuAHAAZABmAA8AGgAMAE0AYQBjAGkAbgB0AG8AcwBoACAASABEABIASVVzZXJzL294ci9Ecm9wYm94L01vbm9pZGFsIGdsb2J1bGFyIGNhdGVnb3JpZXMgYXMgbmF0dXJhbCBlbnZpcm9ubWVudC5wZGYAABMAAS8AABUAAgAK//8AAIAF0hwdHh9YJGNsYXNzZXNaJGNsYXNzbmFtZaMfICFdTlNNdXRhYmxlRGF0YVZOU0RhdGFYTlNPYmplY3RfEEUuLi8uLi9Ecm9wYm94L01vbm9pZGFsIGdsb2J1bGFyIGNhdGVnb3JpZXMgYXMgbmF0dXJhbCBlbnZpcm9ubWVudC5wZGbSHB0kJaIlIVxOU0RpY3Rpb25hcnkSAAGGoF8QD05TS2V5ZWRBcmNoaXZlcgAIABEAFgAfACgAMgA1ADoAPABFAEsAUgBdAGQAbABvAHEAcwB1AHgAegB8AIYAkwCYAKACpAKmAqsCtAK/AsMC0QLYAuEDKQMuAzEDPgNDAAAAAAAAAgEAAAAAAAAAKAAAAAAAAAAAAAAAAAAAA1U=}}

@incollection{gambinoHyland:welfoundedTrees,
	Abstract = {We set out to study the consequences of the assumption of types of wellfounded trees in dependent type theories. We do so by investigating the categorical notion of wellfounded tree introduced in [16]. Our main result shows that wellfounded trees allow us to define initial algebras for a wide class of endofunctors on locally cartesian closed categories.},
	Affiliation = {Department of Pure Mathematics and Mathematical Statistics, University of Cambridge},
	Author = {Gambino, Nicola and Hyland, Martin},
	Booktitle = {Types for Proofs and Programs},
	Date-Added = {2012-07-23 18:41:32 +0000},
	Date-Modified = {2012-07-25 15:35:13 +0000},
	Editor = {Berardi, Stefano and Coppo, Mario and Damiani, Ferruccio},
	Keywords = {polynomial-functors},
	Note = {10.1007/978-3-540-24849-1\_14},
	Pages = {210-225},
	Publisher = {Springer Berlin / Heidelberg},
	Series = {Lecture Notes in Computer Science},
	Title = {Wellfounded Trees and Dependent Polynomial Functors},
	Url = {http://dx.doi.org/10.1007/978-3-540-24849-1\_14},
	Volume = {3085},
	Year = {2004},
	Bdsk-File-1 = {YnBsaXN0MDDUAQIDBAUIJidUJHRvcFgkb2JqZWN0c1gkdmVyc2lvblkkYXJjaGl2ZXLRBgdUcm9vdIABqAkKFRYXGyIjVSRudWxs0wsMDQ4RElpOUy5vYmplY3RzViRjbGFzc1dOUy5rZXlzog8QgASABoAHohMUgAKAA1lhbGlhc0RhdGFccmVsYXRpdmVQYXRo0hgMGRpXTlMuZGF0YU8RAioAAAAAAioAAgAADE1hY2ludG9zaCBIRAAAAAAAAAAAAAAAAAAAAMfUpeFIKwAAADCnxR9XZWxsZm91bmRlZCBUcmVlcyBhbiMzNEQwMEQucGRmAAAAAAAAAAAAAAAAAAAAAAAAAAAAAAAAAAAAAAAAAAAANNANyJq+GAAAAAAAAAAAAAIABAAACSAAAAAAAAAAAAAAAAAAAAAHR2FtYmlubwAAEAAIAADH1JfRAAAAEQAIAADImrAIAAAAAQAUADCnxQAaCBYACEuXAAhLigAAkvMAAgBUTWFjaW50b3NoIEhEOlVzZXJzOgBveHI6AERvY3VtZW50czoAUGFwZXJzOgBHYW1iaW5vOgBXZWxsZm91bmRlZCBUcmVlcyBhbiMzNEQwMEQucGRmAA4AcAA3AFcAZQBsAGwAZgBvAHUAbgBkAGUAZAAgAFQAcgBlAGUAcwAgAGEAbgBkACAARABlAHAAZQBuAGQAZQBuAHQAIABQAG8AbAB5AG4AbwBtAGkAYQBsACAARgB1AG4AYwB0AG8AcgBzAC4AcABkAGYADwAaAAwATQBhAGMAaQBuAHQAbwBzAGgAIABIAEQAEgBaVXNlcnMvb3hyL0RvY3VtZW50cy9QYXBlcnMvR2FtYmluby9XZWxsZm91bmRlZCBUcmVlcyBhbmQgRGVwZW5kZW50IFBvbHlub21pYWwgRnVuY3RvcnMucGRmABMAAS8AABUAAgAK//8AAIAF0hwdHh9YJGNsYXNzZXNaJGNsYXNzbmFtZaMfICFdTlNNdXRhYmxlRGF0YVZOU0RhdGFYTlNPYmplY3RfEFYuLi8uLi9Eb2N1bWVudHMvUGFwZXJzL0dhbWJpbm8vV2VsbGZvdW5kZWQgVHJlZXMgYW5kIERlcGVuZGVudCBQb2x5bm9taWFsIEZ1bmN0b3JzLnBkZtIcHSQloiUhXE5TRGljdGlvbmFyeRIAAYagXxAPTlNLZXllZEFyY2hpdmVyAAgAEQAWAB8AKAAyADUAOgA8AEUASwBSAF0AZABsAG8AcQBzAHUAeAB6AHwAhgCTAJgAoALOAtAC1QLeAukC7QL7AwIDCwNkA2kDbAN5A34AAAAAAAACAQAAAAAAAAAoAAAAAAAAAAAAAAAAAAADkA==}}

@book{leinster:HOHC,
	Address = {Cambridge},
	Author = {T. Leinster},
	Date-Added = {2012-07-23 18:37:42 +0000},
	Date-Modified = {2012-07-25 16:28:44 +0000},
	Publisher = {Cambridge U. Press},
	Title = {Higher Operads, Higher Categories},
	Year = {2003},
	Bdsk-File-1 = {YnBsaXN0MDDUAQIDBAUIJidUJHRvcFgkb2JqZWN0c1gkdmVyc2lvblkkYXJjaGl2ZXLRBgdUcm9vdIABqAkKFRYXGyIjVSRudWxs0wsMDQ4RElpOUy5vYmplY3RzViRjbGFzc1dOUy5rZXlzog8QgASABoAHohMUgAKAA1lhbGlhc0RhdGFccmVsYXRpdmVQYXRo0hgMGRpXTlMuZGF0YU8RAfgAAAAAAfgAAgAADE1hY2ludG9zaCBIRAAAAAAAAAAAAAAAAAAAAMfUpeFIKwAAAVMAox9IaWdoZXIgT3BlcmFkcywgSGlnaCMxQTI2NDUucGRmAAAAAAAAAAAAAAAAAAAAAAAAAAAAAAAAAAAAAAAAAAAAGiZFyAX32AAAAAAAAAAAAAIABAAACSAAAAAAAAAAAAAAAAAAAAAITGVpbnN0ZXIAEAAIAADH1JfRAAAAEQAIAADIBenIAAAAAQAUAVMAowAaCBYACEuXAAhLigAAkvMAAgBVTWFjaW50b3NoIEhEOlVzZXJzOgBveHI6AERvY3VtZW50czoAUGFwZXJzOgBMZWluc3RlcjoASGlnaGVyIE9wZXJhZHMsIEhpZ2gjMUEyNjQ1LnBkZgAADgBMACUASABpAGcAaABlAHIAIABPAHAAZQByAGEAZABzACwAIABIAGkAZwBoAGUAcgAgAEMAYQB0AGUAZwBvAHIAaQBlAHMALgBwAGQAZgAPABoADABNAGEAYwBpAG4AdABvAHMAaAAgAEgARAASAElVc2Vycy9veHIvRG9jdW1lbnRzL1BhcGVycy9MZWluc3Rlci9IaWdoZXIgT3BlcmFkcywgSGlnaGVyIENhdGVnb3JpZXMucGRmAAATAAEvAAAVAAIACv//AACABdIcHR4fWCRjbGFzc2VzWiRjbGFzc25hbWWjHyAhXU5TTXV0YWJsZURhdGFWTlNEYXRhWE5TT2JqZWN0XxBFLi4vLi4vRG9jdW1lbnRzL1BhcGVycy9MZWluc3Rlci9IaWdoZXIgT3BlcmFkcywgSGlnaGVyIENhdGVnb3JpZXMucGRm0hwdJCWiJSFcTlNEaWN0aW9uYXJ5EgABhqBfEA9OU0tleWVkQXJjaGl2ZXIACAARABYAHwAoADIANQA6ADwARQBLAFIAXQBkAGwAbwBxAHMAdQB4AHoAfACGAJMAmACgApwCngKjAqwCtwK7AskC0ALZAyEDJgMpAzYDOwAAAAAAAAIBAAAAAAAAACgAAAAAAAAAAAAAAAAAAANN}}

@book{CWM,
	Author = {Saunders MacLane},
	Date-Added = {2012-07-23 18:37:28 +0000},
	Date-Modified = {2012-07-23 18:37:28 +0000},
	Publisher = {Springer},
	Title = {Categories for the Working Mathematician},
	Bdsk-File-1 = {YnBsaXN0MDDUAQIDBAUIJidUJHRvcFgkb2JqZWN0c1gkdmVyc2lvblkkYXJjaGl2ZXLRBgdUcm9vdIABqAkKFRYXGyIjVSRudWxs0wsMDQ4RElpOUy5vYmplY3RzViRjbGFzc1dOUy5rZXlzog8QgASABoAHohMUgAKAA1lhbGlhc0RhdGFccmVsYXRpdmVQYXRo0hgMGRpXTlMuZGF0YU8RAgoAAAAAAgoAAgAADE1hY2ludG9zaCBIRAAAAAAAAAAAAAAAAAAAAMfUpeFIKwAAADVNWx9DYXRlZ29yaWVzIGZvciB0aGUgVyMxQTJCMEYuZGp2AAAAAAAAAAAAAAAAAAAAAAAAAAAAAAAAAAAAAAAAAAAAGisPyAX4OgAAAAAAAAAAAAIABAAACSAAAAAAAAAAAAAAAAAAAAAHTWFjTGFuZQAAEAAIAADH1JfRAAAAEQAIAADIBeoqAAAAAQAUADVNWwAaCBYACEuXAAhLigAAkvMAAgBUTWFjaW50b3NoIEhEOlVzZXJzOgBveHI6AERvY3VtZW50czoAUGFwZXJzOgBNYWNMYW5lOgBDYXRlZ29yaWVzIGZvciB0aGUgVyMxQTJCMEYuZGp2AA4AWgAsAEMAYQB0AGUAZwBvAHIAaQBlAHMAIABmAG8AcgAgAHQAaABlACAAVwBvAHIAawBpAG4AZwAgAE0AYQB0AGgAZQBtAGEAdABpAGMAaQBhAG4ALgBkAGoAdgAPABoADABNAGEAYwBpAG4AdABvAHMAaAAgAEgARAASAE9Vc2Vycy9veHIvRG9jdW1lbnRzL1BhcGVycy9NYWNMYW5lL0NhdGVnb3JpZXMgZm9yIHRoZSBXb3JraW5nIE1hdGhlbWF0aWNpYW4uZGp2AAATAAEvAAAVAAIACv//AACABdIcHR4fWCRjbGFzc2VzWiRjbGFzc25hbWWjHyAhXU5TTXV0YWJsZURhdGFWTlNEYXRhWE5TT2JqZWN0XxBLLi4vLi4vRG9jdW1lbnRzL1BhcGVycy9NYWNMYW5lL0NhdGVnb3JpZXMgZm9yIHRoZSBXb3JraW5nIE1hdGhlbWF0aWNpYW4uZGp20hwdJCWiJSFcTlNEaWN0aW9uYXJ5EgABhqBfEA9OU0tleWVkQXJjaGl2ZXIACAARABYAHwAoADIANQA6ADwARQBLAFIAXQBkAGwAbwBxAHMAdQB4AHoAfACGAJMAmACgAq4CsAK1Ar4CyQLNAtsC4gLrAzkDPgNBA04DUwAAAAAAAAIBAAAAAAAAACgAAAAAAAAAAAAAAAAAAANl}}

@article{street:orientedSimplexes,
	Author = {Ross Street},
	Date-Added = {2012-07-23 18:35:23 +0000},
	Date-Modified = {2012-07-25 15:39:15 +0000},
	Doi = {DOI: 10.1016/0022-4049(87)90137-X},
	Issn = {0022-4049},
	Journal = {Journal of Pure and Applied Algebra},
	Number = {3},
	Pages = {283 - 335},
	Title = {The algebra of oriented simplexes},
	Url = {http://www.sciencedirect.com/science/article/B6V0K-4968W19-19/2/dff85928ba6ad1ddd6f4d74f6756de80},
	Volume = {49},
	Year = {1987},
	Bdsk-File-1 = {YnBsaXN0MDDUAQIDBAUIJidUJHRvcFgkb2JqZWN0c1gkdmVyc2lvblkkYXJjaGl2ZXLRBgdUcm9vdIABqAkKFRYXGyIjVSRudWxs0wsMDQ4RElpOUy5vYmplY3RzViRjbGFzc1dOUy5rZXlzog8QgASABoAHohMUgAKAA1lhbGlhc0RhdGFccmVsYXRpdmVQYXRo0hgMGRpXTlMuZGF0YU8RAfIAAAAAAfIAAgAADE1hY2ludG9zaCBIRAAAAAAAAAAAAAAAAAAAAMfUpeFIKwAAADlFcB9UaGUgYWxnZWJyYSBvZiBvcmllbiM4ODMwNjMucGRmAAAAAAAAAAAAAAAAAAAAAAAAAAAAAAAAAAAAAAAAAAAAiDBjyY09BgAAAAAAAAAAAAIABAAACSAAAAAAAAAAAAAAAAAAAAAGU3RyZWV0ABAACAAAx9SX0QAAABEACAAAyY09BgAAAAEAFAA5RXAAGggWAAhLlwAIS4oAAJLzAAIAU01hY2ludG9zaCBIRDpVc2VyczoAb3hyOgBEb2N1bWVudHM6AFBhcGVyczoAU3RyZWV0OgBUaGUgYWxnZWJyYSBvZiBvcmllbiM4ODMwNjMucGRmAAAOAEwAJQBUAGgAZQAgAGEAbABnAGUAYgByAGEAIABvAGYAIABvAHIAaQBlAG4AdABlAGQAIABzAGkAbQBwAGwAZQB4AGUAcwAuAHAAZABmAA8AGgAMAE0AYQBjAGkAbgB0AG8AcwBoACAASABEABIAR1VzZXJzL294ci9Eb2N1bWVudHMvUGFwZXJzL1N0cmVldC9UaGUgYWxnZWJyYSBvZiBvcmllbnRlZCBzaW1wbGV4ZXMucGRmAAATAAEvAAAVAAIACv//AACABdIcHR4fWCRjbGFzc2VzWiRjbGFzc25hbWWjHyAhXU5TTXV0YWJsZURhdGFWTlNEYXRhWE5TT2JqZWN0XxBDLi4vLi4vRG9jdW1lbnRzL1BhcGVycy9TdHJlZXQvVGhlIGFsZ2VicmEgb2Ygb3JpZW50ZWQgc2ltcGxleGVzLnBkZtIcHSQloiUhXE5TRGljdGlvbmFyeRIAAYagXxAPTlNLZXllZEFyY2hpdmVyAAgAEQAWAB8AKAAyADUAOgA8AEUASwBSAF0AZABsAG8AcQBzAHUAeAB6AHwAhgCTAJgAoAKWApgCnQKmArECtQLDAsoC0wMZAx4DIQMuAzMAAAAAAAACAQAAAAAAAAAoAAAAAAAAAAAAAAAAAAADRQ==},
	Bdsk-Url-1 = {http://www.sciencedirect.com/science/article/B6V0K-4968W19-19/2/dff85928ba6ad1ddd6f4d74f6756de80}}

@incollection{hofmannStreicher:theGroupoidInterpretation,
	Address = {New York},
	Author = {Hofmann, Martin and Streicher, Thomas},
	Booktitle = {Twenty-five years of constructive type theory ({V}enice, 1995)},
	Date-Added = {2012-07-23 18:33:12 +0000},
	Date-Modified = {2012-07-25 15:35:57 +0000},
	Mrclass = {03B15 (68N15 68Q55)},
	Mrnumber = {1686862},
	Pages = {83--111},
	Publisher = {Oxford Univ. Press},
	Series = {Oxford Logic Guides},
	Title = {The groupoid interpretation of type theory},
	Volume = {36},
	Year = {1998},
	Bdsk-File-1 = {YnBsaXN0MDDUAQIDBAUIJidUJHRvcFgkb2JqZWN0c1gkdmVyc2lvblkkYXJjaGl2ZXLRBgdUcm9vdIABqAkKFRYXGyIjVSRudWxs0wsMDQ4RElpOUy5vYmplY3RzViRjbGFzc1dOUy5rZXlzog8QgASABoAHohMUgAKAA1lhbGlhc0RhdGFccmVsYXRpdmVQYXRo0hgMGRpXTlMuZGF0YU8RAgwAAAAAAgwAAgAADE1hY2ludG9zaCBIRAAAAAAAAAAAAAAAAAAAAMfUpeFIKwAAALZ4sB9UaGUgZ3JvdXBvaWQgaW50ZXJwcmUjNDlBNDI5LnBzAAAAAAAAAAAAAAAAAAAAAAAAAAAAAAAAAAAAAAAAAAAASaQpuLUdjwAAAAAAAAAAAAIABAAACSAAAAAAAAAAAAAAAAAAAAAHSG9mbWFubgAAEAAIAADH1JfRAAAAEQAIAAC4tR2PAAAAAQAUALZ4sAAaCBYACEuXAAhLigAAkvMAAgBUTWFjaW50b3NoIEhEOlVzZXJzOgBveHI6AERvY3VtZW50czoAUGFwZXJzOgBIb2ZtYW5uOgBUaGUgZ3JvdXBvaWQgaW50ZXJwcmUjNDlBNDI5LnBzAA4AXAAtAFQAaABlACAAZwByAG8AdQBwAG8AaQBkACAAaQBuAHQAZQByAHAAcgBlAHQAYQB0AGkAbwBuACAAbwBmACAAdAB5AHAAZQAgAHQAaABlAG8AcgB5AC4AcABzAA8AGgAMAE0AYQBjAGkAbgB0AG8AcwBoACAASABEABIAUFVzZXJzL294ci9Eb2N1bWVudHMvUGFwZXJzL0hvZm1hbm4vVGhlIGdyb3Vwb2lkIGludGVycHJldGF0aW9uIG9mIHR5cGUgdGhlb3J5LnBzABMAAS8AABUAAgAK//8AAIAF0hwdHh9YJGNsYXNzZXNaJGNsYXNzbmFtZaMfICFdTlNNdXRhYmxlRGF0YVZOU0RhdGFYTlNPYmplY3RfEEwuLi8uLi9Eb2N1bWVudHMvUGFwZXJzL0hvZm1hbm4vVGhlIGdyb3Vwb2lkIGludGVycHJldGF0aW9uIG9mIHR5cGUgdGhlb3J5LnBz0hwdJCWiJSFcTlNEaWN0aW9uYXJ5EgABhqBfEA9OU0tleWVkQXJjaGl2ZXIACAARABYAHwAoADIANQA6ADwARQBLAFIAXQBkAGwAbwBxAHMAdQB4AHoAfACGAJMAmACgArACsgK3AsACywLPAt0C5ALtAzwDQQNEA1EDVgAAAAAAAAIBAAAAAAAAACgAAAAAAAAAAAAAAAAAAANo}}

@comment{BibDesk Static Groups{
<?xml version="1.0" encoding="UTF-8"?>
<!DOCTYPE plist PUBLIC "-//Apple//DTD PLIST 1.0//EN" "http://www.apple.com/DTDs/PropertyList-1.0.dtd">
<plist version="1.0">
<array>
	<dict>
		<key>group name</key>
		<string>C. McBride</string>
		<key>keys</key>
		<string></string>
	</dict>
</array>
</plist>
}}
